<DATE>	<TIME>	<BID>	<ASK>	<LAST>	<VOLUME>	<FLAGS>
2024.02.23	16:00:00.188	1.64763	1.64778			6
2024.02.23	16:00:00.289	1.64759	1.64779			6
2024.02.23	16:00:00.400	1.64760				2
2024.02.23	16:00:00.505	1.64758	1.64778			6
2024.02.23	16:00:00.620	1.64759				2
2024.02.23	16:00:00.843	1.64760	1.64779			6
2024.02.23	16:00:01.067	1.64761				2
2024.02.23	16:00:01.278		1.64777			4
2024.02.23	16:00:01.483	1.64760	1.64779			6
2024.02.23	16:00:01.592	1.64758	1.64774			6
2024.02.23	16:00:01.689	1.64753	1.64772			6
2024.02.23	16:00:01.800		1.64773			4
2024.02.23	16:00:02.009	1.64754				2
2024.02.23	16:00:02.111	1.64753	1.64774			6
2024.02.23	16:00:02.433	1.64756	1.64776			6
2024.02.23	16:00:02.639		1.64777			4
2024.02.23	16:00:03.252	1.64757	1.64778			6
2024.02.23	16:00:03.640	1.64759				2
2024.02.23	16:00:03.746		1.64780			4
2024.02.23	16:00:03.852	1.64757	1.64778			6
2024.02.23	16:00:03.958	1.64759				2
2024.02.23	16:00:04.277		1.64776			4
2024.02.23	16:00:04.379	1.64756	1.64775			6
2024.02.23	16:00:04.482	1.64755	1.64776			6
2024.02.23	16:00:05.234	1.64757	1.64777			6
2024.02.23	16:00:05.336	1.64756				2
2024.02.23	16:00:05.448	1.64757				2
2024.02.23	16:00:05.551	1.64762	1.64782			6
2024.02.23	16:00:06.332	1.64761	1.64779			6
2024.02.23	16:00:06.435	1.64757	1.64777			6
2024.02.23	16:00:06.558	1.64758				2
2024.02.23	16:00:06.769		1.64776			4
2024.02.23	16:00:06.876		1.64779			4
2024.02.23	16:00:06.984		1.64780			4
2024.02.23	16:00:07.195	1.64757	1.64778			6
2024.02.23	16:00:07.310	1.64761	1.64777			6
2024.02.23	16:00:07.413		1.64778			4
2024.02.23	16:00:07.515	1.64758				2
2024.02.23	16:00:07.771	1.64757	1.64777			6
2024.02.23	16:00:07.989		1.64778			4
2024.02.23	16:00:08.091		1.64780			4
2024.02.23	16:00:08.193	1.64758				2
2024.02.23	16:00:08.418	1.64761				2
2024.02.23	16:00:08.658		1.64779			4
2024.02.23	16:00:08.834	1.64758	1.64780			6
2024.02.23	16:00:09.368		1.64781			4
2024.02.23	16:00:09.705		1.64780			4
2024.02.23	16:00:09.808	1.64759				2
2024.02.23	16:00:10.167		1.64779			4
2024.02.23	16:00:10.366		1.64781			4
2024.02.23	16:00:10.567		1.64779			4
2024.02.23	16:00:11.130	1.64760				2
2024.02.23	16:00:11.258	1.64761	1.64780			6
2024.02.23	16:00:11.365		1.64781			4
2024.02.23	16:00:13.012		1.64782			4
2024.02.23	16:00:13.226		1.64779			4
2024.02.23	16:00:13.328	1.64759				2
2024.02.23	16:00:13.432		1.64778			4
2024.02.23	16:00:13.536	1.64760				2
2024.02.23	16:00:13.637	1.64759				2
2024.02.23	16:00:13.757		1.64779			4
2024.02.23	16:00:14.084	1.64760				2
2024.02.23	16:00:14.289		1.64780			4
2024.02.23	16:00:14.633	1.64761	1.64779			6
2024.02.23	16:00:14.736	1.64759	1.64778			6
2024.02.23	16:00:14.841		1.64777			4
2024.02.23	16:00:15.156	1.64754	1.64772			6
2024.02.23	16:00:15.259	1.64751	1.64770			6
2024.02.23	16:00:15.554		1.64771			4
2024.02.23	16:00:15.758	1.64752				2
2024.02.23	16:00:16.024	1.64753				2
2024.02.23	16:00:16.136		1.64770			4
2024.02.23	16:00:16.384		1.64771			4
2024.02.23	16:00:17.156	1.64752				2
2024.02.23	16:00:17.319	1.64753	1.64773			6
2024.02.23	16:00:17.551	1.64755	1.64774			6
2024.02.23	16:00:17.651	1.64753	1.64771			6
2024.02.23	16:00:17.759	1.64752	1.64772			6
2024.02.23	16:00:17.860	1.64750				2
2024.02.23	16:00:17.960	1.64752				2
2024.02.23	16:00:18.374	1.64753				2
2024.02.23	16:00:18.591		1.64773			4
2024.02.23	16:00:18.698		1.64774			4
2024.02.23	16:00:18.798		1.64771			4
2024.02.23	16:00:19.040		1.64772			4
2024.02.23	16:00:19.148	1.64754				2
2024.02.23	16:00:19.259	1.64752				2
2024.02.23	16:00:19.388	1.64751				2
2024.02.23	16:00:19.607	1.64752				2
2024.02.23	16:00:20.159	1.64751	1.64771			6
2024.02.23	16:00:20.264	1.64752				2
2024.02.23	16:00:20.373		1.64772			4
2024.02.23	16:00:21.117		1.64771			4
2024.02.23	16:00:21.231	1.64751	1.64772			6
2024.02.23	16:00:21.347	1.64757	1.64776			6
2024.02.23	16:00:21.448	1.64758	1.64777			6
2024.02.23	16:00:21.555		1.64779			4
2024.02.23	16:00:21.765		1.64778			4
2024.02.23	16:00:22.099		1.64779			4
2024.02.23	16:00:22.314		1.64778			4
2024.02.23	16:00:22.577		1.64777			4
2024.02.23	16:00:22.680	1.64759				2
2024.02.23	16:00:22.796	1.64758	1.64778			6
2024.02.23	16:00:23.048		1.64777			4
2024.02.23	16:00:23.595		1.64778			4
2024.02.23	16:00:23.835		1.64777			4
2024.02.23	16:00:24.050		1.64776			4
2024.02.23	16:00:24.423		1.64775			4
2024.02.23	16:00:24.638		1.64776			4
2024.02.23	16:00:24.980		1.64777			4
2024.02.23	16:00:25.084		1.64774			4
2024.02.23	16:00:25.205	1.64757	1.64775			6
2024.02.23	16:00:25.537		1.64774			4
2024.02.23	16:00:25.765		1.64775			4
2024.02.23	16:00:26.041	1.64756				2
2024.02.23	16:00:26.142		1.64774			4
2024.02.23	16:00:26.462	1.64754	1.64771			6
2024.02.23	16:00:26.561	1.64752	1.64770			6
2024.02.23	16:00:26.673		1.64769			4
2024.02.23	16:00:26.772	1.64748				2
2024.02.23	16:00:26.874	1.64750	1.64768			6
2024.02.23	16:00:26.979	1.64748	1.64769			6
2024.02.23	16:00:27.078		1.64770			4
2024.02.23	16:00:27.179	1.64749				2
2024.02.23	16:00:27.284		1.64769			4
2024.02.23	16:00:27.485		1.64770			4
2024.02.23	16:00:27.816	1.64748	1.64768			6
2024.02.23	16:00:27.918	1.64749	1.64769			6
2024.02.23	16:00:28.406		1.64767			4
2024.02.23	16:00:28.546	1.64751				2
2024.02.23	16:00:28.646	1.64749				2
2024.02.23	16:00:28.749	1.64751				2
2024.02.23	16:00:28.888	1.64749	1.64768			6
2024.02.23	16:00:28.996	1.64748	1.64767			6
2024.02.23	16:00:29.097	1.64750				2
2024.02.23	16:00:29.197	1.64749				2
2024.02.23	16:00:29.308	1.64750				2
2024.02.23	16:00:29.416	1.64749	1.64770			6
2024.02.23	16:00:29.642	1.64751				2
2024.02.23	16:00:30.981		1.64771			4
2024.02.23	16:00:31.083		1.64770			4
2024.02.23	16:00:31.194		1.64769			4
2024.02.23	16:00:31.375	1.64749				2
2024.02.23	16:00:31.606	1.64750				2
2024.02.23	16:00:32.177	1.64751				2
2024.02.23	16:00:32.643	1.64749				2
2024.02.23	16:00:33.409	1.64748				2
2024.02.23	16:00:33.511	1.64751	1.64770			6
2024.02.23	16:00:33.615	1.64754	1.64771			6
2024.02.23	16:00:33.726	1.64752				2
2024.02.23	16:00:33.839	1.64754				2
2024.02.23	16:00:34.084		1.64772			4
2024.02.23	16:00:34.302		1.64771			4
2024.02.23	16:00:34.550	1.64753				2
2024.02.23	16:00:34.763		1.64773			4
2024.02.23	16:00:35.408	1.64754				2
2024.02.23	16:00:35.732	1.64755	1.64776			6
2024.02.23	16:00:36.567		1.64775			4
2024.02.23	16:00:36.671	1.64756				2
2024.02.23	16:00:37.095		1.64774			4
2024.02.23	16:00:37.529	1.64758	1.64777			6
2024.02.23	16:00:37.630	1.64759	1.64778			6
2024.02.23	16:00:37.749	1.64762	1.64781			6
2024.02.23	16:00:37.856		1.64782			4
2024.02.23	16:00:37.960	1.64759	1.64780			6
2024.02.23	16:00:38.062	1.64760				2
2024.02.23	16:00:38.191	1.64759				2
2024.02.23	16:00:38.295	1.64761				2
2024.02.23	16:00:38.396		1.64779			4
2024.02.23	16:00:38.630		1.64780			4
2024.02.23	16:00:38.731	1.64760	1.64779			6
2024.02.23	16:00:39.648	1.64761				2
2024.02.23	16:00:40.060	1.64759				2
2024.02.23	16:00:40.402	1.64762	1.64781			6
2024.02.23	16:00:40.499	1.64764	1.64783			6
2024.02.23	16:00:40.918	1.64767				2
2024.02.23	16:00:41.130		1.64784			4
2024.02.23	16:00:41.499	1.64765				2
2024.02.23	16:00:41.605	1.64764				2
2024.02.23	16:00:41.710	1.64766	1.64786			6
2024.02.23	16:00:41.813	1.64765				2
2024.02.23	16:00:41.922		1.64787			4
2024.02.23	16:00:42.028	1.64767				2
2024.02.23	16:00:42.150	1.64768	1.64786			6
2024.02.23	16:00:42.257	1.64765				2
2024.02.23	16:00:42.359		1.64784			4
2024.02.23	16:00:42.576	1.64768	1.64786			6
2024.02.23	16:00:42.797		1.64785			4
2024.02.23	16:00:43.037		1.64786			4
2024.02.23	16:00:43.245	1.64769	1.64787			6
2024.02.23	16:00:43.366	1.64772	1.64788			6
2024.02.23	16:00:43.570	1.64769	1.64789			6
2024.02.23	16:00:43.963		1.64788			4
2024.02.23	16:00:44.181		1.64789			4
2024.02.23	16:00:44.635	1.64770	1.64788			6
2024.02.23	16:00:44.742	1.64771				2
2024.02.23	16:00:44.860	1.64766	1.64782			6
2024.02.23	16:00:44.962	1.64759	1.64781			6
2024.02.23	16:00:45.171	1.64760	1.64782			6
2024.02.23	16:00:45.273	1.64764	1.64783			6
2024.02.23	16:00:45.398	1.64760	1.64782			6
2024.02.23	16:00:45.501	1.64762				2
2024.02.23	16:00:45.603	1.64765				2
2024.02.23	16:00:45.708	1.64761	1.64783			6
2024.02.23	16:00:46.164	1.64763	1.64782			6
2024.02.23	16:00:46.316	1.64760				2
2024.02.23	16:00:46.724	1.64762	1.64781			6
2024.02.23	16:00:46.956	1.64760	1.64782			6
2024.02.23	16:00:47.098	1.64762	1.64783			6
2024.02.23	16:00:47.205	1.64760				2
2024.02.23	16:00:47.333	1.64766	1.64785			6
2024.02.23	16:00:47.433	1.64768	1.64788			6
2024.02.23	16:00:47.647	1.64770	1.64789			6
2024.02.23	16:00:47.749	1.64771	1.64791			6
2024.02.23	16:00:47.850	1.64772				2
2024.02.23	16:00:47.950		1.64790			4
2024.02.23	16:00:48.180		1.64791			4
2024.02.23	16:00:48.415	1.64773	1.64792			6
2024.02.23	16:00:48.645	1.64772				2
2024.02.23	16:00:49.032	1.64771				2
2024.02.23	16:00:49.154		1.64791			4
2024.02.23	16:00:49.257	1.64773				2
2024.02.23	16:00:49.371	1.64770	1.64790			6
2024.02.23	16:00:49.593	1.64773	1.64791			6
2024.02.23	16:00:49.851	1.64772				2
2024.02.23	16:00:49.952	1.64770				2
2024.02.23	16:00:50.516	1.64769				2
2024.02.23	16:00:50.636	1.64770	1.64790			6
2024.02.23	16:00:50.845	1.64769				2
2024.02.23	16:00:51.177	1.64771				2
2024.02.23	16:00:51.318	1.64769				2
2024.02.23	16:00:51.748		1.64791			4
2024.02.23	16:00:51.969	1.64770	1.64790			6
2024.02.23	16:00:52.077	1.64769				2
2024.02.23	16:00:52.301	1.64770				2
2024.02.23	16:00:52.411	1.64769	1.64789			6
2024.02.23	16:00:52.864		1.64790			4
2024.02.23	16:00:53.845	1.64770	1.64789			6
2024.02.23	16:00:53.948	1.64769				2
2024.02.23	16:00:54.156	1.64770	1.64791			6
2024.02.23	16:00:54.256	1.64772	1.64789			6
2024.02.23	16:00:54.360	1.64771				2
2024.02.23	16:00:54.474	1.64770	1.64790			6
2024.02.23	16:00:54.697		1.64789			4
2024.02.23	16:00:55.225	1.64771	1.64790			6
2024.02.23	16:00:55.332		1.64791			4
2024.02.23	16:00:55.442	1.64773				2
2024.02.23	16:00:55.550		1.64793			4
2024.02.23	16:00:55.660		1.64792			4
2024.02.23	16:00:55.760	1.64775	1.64795			6
2024.02.23	16:00:55.863	1.64776	1.64796			6
2024.02.23	16:00:56.434	1.64775				2
2024.02.23	16:00:56.850	1.64776				2
2024.02.23	16:00:56.968		1.64795			4
2024.02.23	16:00:57.078	1.64775				2
2024.02.23	16:00:57.197		1.64796			4
2024.02.23	16:00:57.545	1.64773	1.64794			6
2024.02.23	16:00:57.645		1.64792			4
2024.02.23	16:00:57.848	1.64772	1.64791			6
2024.02.23	16:00:58.064		1.64792			4
2024.02.23	16:00:58.219	1.64771	1.64793			6
2024.02.23	16:00:58.554	1.64772	1.64792			6
2024.02.23	16:00:58.656	1.64771				2
2024.02.23	16:00:58.789		1.64791			4
2024.02.23	16:00:58.928	1.64770				2
2024.02.23	16:00:59.373	1.64776	1.64790			6
2024.02.23	16:00:59.488	1.64773				2
2024.02.23	16:00:59.628		1.64791			4
2024.02.23	16:01:00.181	1.64771				2
2024.02.23	16:01:00.285	1.64772	1.64790			6
2024.02.23	16:01:00.626	1.64770				2
2024.02.23	16:01:00.985	1.64772	1.64792			6
2024.02.23	16:01:01.085	1.64771				2
2024.02.23	16:01:01.206		1.64791			4
2024.02.23	16:01:01.325	1.64770	1.64793			6
2024.02.23	16:01:01.553	1.64771	1.64792			6
2024.02.23	16:01:01.652	1.64773	1.64791			6
2024.02.23	16:01:01.752	1.64771				2
2024.02.23	16:01:01.853	1.64769	1.64789			6
2024.02.23	16:01:01.973	1.64768				2
2024.02.23	16:01:02.075	1.64770				2
2024.02.23	16:01:02.276	1.64769				2
2024.02.23	16:01:02.627		1.64788			4
2024.02.23	16:01:02.776		1.64787			4
2024.02.23	16:01:03.275	1.64771	1.64789			6
2024.02.23	16:01:03.498	1.64770	1.64788			6
2024.02.23	16:01:03.601		1.64789			4
2024.02.23	16:01:04.477		1.64787			4
2024.02.23	16:01:04.586		1.64788			4
2024.02.23	16:01:04.802	1.64771	1.64789			6
2024.02.23	16:01:04.974		1.64790			4
2024.02.23	16:01:05.078		1.64791			4
2024.02.23	16:01:05.290		1.64792			4
2024.02.23	16:01:05.402	1.64770	1.64789			6
2024.02.23	16:01:05.508	1.64771	1.64787			6
2024.02.23	16:01:05.611	1.64768	1.64785			6
2024.02.23	16:01:05.712	1.64767	1.64783			6
2024.02.23	16:01:05.915	1.64764				2
2024.02.23	16:01:06.114		1.64784			4
2024.02.23	16:01:06.772	1.64766				2
2024.02.23	16:01:06.874	1.64765				2
2024.02.23	16:01:06.981	1.64766	1.64785			6
2024.02.23	16:01:07.185	1.64764	1.64786			6
2024.02.23	16:01:07.665		1.64784			4
2024.02.23	16:01:07.869		1.64785			4
2024.02.23	16:01:07.973	1.64765				2
2024.02.23	16:01:08.108	1.64764				2
2024.02.23	16:01:08.218		1.64786			4
2024.02.23	16:01:08.332	1.64765				2
2024.02.23	16:01:08.604	1.64764	1.64787			6
2024.02.23	16:01:08.989		1.64786			4
2024.02.23	16:01:09.095	1.64766	1.64787			6
2024.02.23	16:01:09.300		1.64786			4
2024.02.23	16:01:09.468		1.64787			4
2024.02.23	16:01:09.695	1.64767				2
2024.02.23	16:01:09.946		1.64786			4
2024.02.23	16:01:10.069	1.64765	1.64785			6
2024.02.23	16:01:10.170	1.64769	1.64786			6
2024.02.23	16:01:10.270		1.64787			4
2024.02.23	16:01:10.377	1.64766				2
2024.02.23	16:01:10.490	1.64768	1.64786			6
2024.02.23	16:01:10.603	1.64765				2
2024.02.23	16:01:10.714		1.64787			4
2024.02.23	16:01:11.411	1.64767	1.64786			6
2024.02.23	16:01:11.565		1.64787			4
2024.02.23	16:01:11.706	1.64765				2
2024.02.23	16:01:11.951	1.64764				2
2024.02.23	16:01:12.061		1.64788			4
2024.02.23	16:01:12.275	1.64765	1.64787			6
2024.02.23	16:01:12.380	1.64772	1.64792			6
2024.02.23	16:01:12.482	1.64773				2
2024.02.23	16:01:12.583	1.64775				2
2024.02.23	16:01:12.738		1.64793			4
2024.02.23	16:01:12.837	1.64773				2
2024.02.23	16:01:12.941		1.64792			4
2024.02.23	16:01:13.268	1.64772				2
2024.02.23	16:01:13.367	1.64769	1.64787			6
2024.02.23	16:01:13.920		1.64788			4
2024.02.23	16:01:14.150		1.64787			4
2024.02.23	16:01:14.261	1.64768				2
2024.02.23	16:01:14.363	1.64766	1.64786			6
2024.02.23	16:01:14.466	1.64768	1.64787			6
2024.02.23	16:01:14.569		1.64786			4
2024.02.23	16:01:14.680	1.64765	1.64782			6
2024.02.23	16:01:14.792	1.64764				2
2024.02.23	16:01:14.903	1.64768	1.64787			6
2024.02.23	16:01:15.010	1.64770				2
2024.02.23	16:01:15.215		1.64788			4
2024.02.23	16:01:15.421	1.64769	1.64787			6
2024.02.23	16:01:15.536	1.64767				2
2024.02.23	16:01:15.858	1.64768				2
2024.02.23	16:01:15.963		1.64786			4
2024.02.23	16:01:16.064	1.64765	1.64785			6
2024.02.23	16:01:16.177	1.64766				2
2024.02.23	16:01:16.433	1.64764	1.64784			6
2024.02.23	16:01:16.650	1.64763	1.64783			6
2024.02.23	16:01:16.874		1.64784			4
2024.02.23	16:01:16.976	1.64765				2
2024.02.23	16:01:17.099	1.64763	1.64783			6
2024.02.23	16:01:17.198		1.64782			4
2024.02.23	16:01:17.657	1.64765				2
2024.02.23	16:01:18.193	1.64763				2
2024.02.23	16:01:18.576	1.64766	1.64785			6
2024.02.23	16:01:19.438	1.64767				2
2024.02.23	16:01:19.886		1.64786			4
2024.02.23	16:01:20.162		1.64785			4
2024.02.23	16:01:20.387		1.64786			4
2024.02.23	16:01:20.602		1.64785			4
2024.02.23	16:01:20.833		1.64786			4
2024.02.23	16:01:21.341		1.64787			4
2024.02.23	16:01:21.699	1.64768				2
2024.02.23	16:01:21.801	1.64767	1.64788			6
2024.02.23	16:01:22.037		1.64787			4
2024.02.23	16:01:22.183	1.64768				2
2024.02.23	16:01:22.286	1.64767	1.64785			6
2024.02.23	16:01:22.388	1.64766				2
2024.02.23	16:01:22.592	1.64767				2
2024.02.23	16:01:22.849	1.64766				2
2024.02.23	16:01:23.143	1.64765	1.64786			6
2024.02.23	16:01:23.365		1.64785			4
2024.02.23	16:01:23.710	1.64764				2
2024.02.23	16:01:23.918	1.64763	1.64783			6
2024.02.23	16:01:24.020	1.64765	1.64786			6
2024.02.23	16:01:24.323		1.64785			4
2024.02.23	16:01:24.426	1.64766				2
2024.02.23	16:01:24.533	1.64765	1.64786			6
2024.02.23	16:01:24.647	1.64768	1.64787			6
2024.02.23	16:01:24.750	1.64770	1.64789			6
2024.02.23	16:01:24.977	1.64769	1.64788			6
2024.02.23	16:01:25.186		1.64789			4
2024.02.23	16:01:25.446		1.64788			4
2024.02.23	16:01:27.969	1.64768				2
2024.02.23	16:01:29.161	1.64767				2
2024.02.23	16:01:29.262	1.64769				2
2024.02.23	16:01:29.376		1.64790			4
2024.02.23	16:01:30.164		1.64791			4
2024.02.23	16:01:30.491		1.64789			4
2024.02.23	16:01:31.198	1.64766	1.64786			6
2024.02.23	16:01:31.429		1.64785			4
2024.02.23	16:01:31.533	1.64761	1.64782			6
2024.02.23	16:01:31.653		1.64781			4
2024.02.23	16:01:31.763	1.64764	1.64782			6
2024.02.23	16:01:32.289		1.64783			4
2024.02.23	16:01:32.786		1.64782			4
2024.02.23	16:01:32.924	1.64763				2
2024.02.23	16:01:33.820	1.64764				2
2024.02.23	16:01:34.248		1.64783			4
2024.02.23	16:01:34.671		1.64784			4
2024.02.23	16:01:34.773	1.64770	1.64787			6
2024.02.23	16:01:35.118	1.64771	1.64788			6
2024.02.23	16:01:35.550	1.64772				2
2024.02.23	16:01:36.275		1.64790			4
2024.02.23	16:01:36.503	1.64769	1.64791			6
2024.02.23	16:01:36.606	1.64766	1.64787			6
2024.02.23	16:01:36.717	1.64769				2
2024.02.23	16:01:37.060	1.64767				2
2024.02.23	16:01:37.162	1.64766				2
2024.02.23	16:01:37.265		1.64786			4
2024.02.23	16:01:37.466		1.64787			4
2024.02.23	16:01:37.591	1.64767				2
2024.02.23	16:01:37.692	1.64766				2
2024.02.23	16:01:37.793	1.64768				2
2024.02.23	16:01:37.894		1.64788			4
2024.02.23	16:01:37.997	1.64769	1.64789			6
2024.02.23	16:01:38.114	1.64768				2
2024.02.23	16:01:38.383	1.64770				2
2024.02.23	16:01:38.510		1.64790			4
2024.02.23	16:01:38.697	1.64767	1.64786			6
2024.02.23	16:01:39.011		1.64785			4
2024.02.23	16:01:39.332		1.64786			4
2024.02.23	16:01:39.534		1.64785			4
2024.02.23	16:01:39.975		1.64786			4
2024.02.23	16:01:40.182		1.64785			4
2024.02.23	16:01:40.426		1.64786			4
2024.02.23	16:01:40.681	1.64766				2
2024.02.23	16:01:40.803	1.64767				2
2024.02.23	16:01:41.857	1.64765				2
2024.02.23	16:01:42.641		1.64785			4
2024.02.23	16:01:43.327		1.64784			4
2024.02.23	16:01:43.465	1.64764				2
2024.02.23	16:01:43.587	1.64766	1.64786			6
2024.02.23	16:01:43.795	1.64765	1.64784			6
2024.02.23	16:01:43.897	1.64766				2
2024.02.23	16:01:44.122	1.64765				2
2024.02.23	16:01:44.223	1.64766				2
2024.02.23	16:01:44.329	1.64765				2
2024.02.23	16:01:44.428	1.64766				2
2024.02.23	16:01:44.531	1.64765				2
2024.02.23	16:01:44.631	1.64766				2
2024.02.23	16:01:46.282	1.64765				2
2024.02.23	16:01:46.389	1.64766				2
2024.02.23	16:01:46.827	1.64767				2
2024.02.23	16:01:47.124	1.64766				2
2024.02.23	16:01:47.224	1.64765	1.64787			6
2024.02.23	16:01:47.329	1.64766	1.64784			6
2024.02.23	16:01:47.436	1.64765				2
2024.02.23	16:01:48.010	1.64766	1.64785			6
2024.02.23	16:01:48.116		1.64784			4
2024.02.23	16:01:49.637	1.64765				2
2024.02.23	16:01:50.501	1.64764	1.64779			6
2024.02.23	16:01:50.603		1.64780			4
2024.02.23	16:01:50.703	1.64763	1.64782			6
2024.02.23	16:01:51.181	1.64762				2
2024.02.23	16:01:51.493	1.64763				2
2024.02.23	16:01:51.592		1.64781			4
2024.02.23	16:01:51.695	1.64764	1.64782			6
2024.02.23	16:01:52.022		1.64783			4
2024.02.23	16:01:53.086	1.64766	1.64784			6
2024.02.23	16:01:54.395	1.64765	1.64785			6
2024.02.23	16:01:54.496	1.64766				2
2024.02.23	16:01:55.327	1.64765				2
2024.02.23	16:01:55.835		1.64784			4
2024.02.23	16:01:56.119		1.64785			4
2024.02.23	16:01:57.050	1.64766				2
2024.02.23	16:01:57.149	1.64765	1.64786			6
2024.02.23	16:01:57.367	1.64766	1.64785			6
2024.02.23	16:01:57.503		1.64786			4
2024.02.23	16:01:57.608	1.64765	1.64785			6
2024.02.23	16:01:57.717	1.64766				2
2024.02.23	16:01:58.375	1.64765				2
2024.02.23	16:01:58.800	1.64766	1.64783			6
2024.02.23	16:01:58.900	1.64770	1.64786			6
2024.02.23	16:01:59.003		1.64788			4
2024.02.23	16:01:59.101	1.64769				2
2024.02.23	16:01:59.206		1.64787			4
2024.02.23	16:01:59.308	1.64766	1.64785			6
2024.02.23	16:01:59.524		1.64784			4
2024.02.23	16:01:59.739	1.64769	1.64787			6
2024.02.23	16:01:59.840	1.64768	1.64786			6
2024.02.23	16:02:00.186	1.64766	1.64784			6
2024.02.23	16:02:00.389		1.64785			4
2024.02.23	16:02:00.497		1.64786			4
2024.02.23	16:02:00.612	1.64768	1.64787			6
2024.02.23	16:02:01.119	1.64769				2
2024.02.23	16:02:01.320	1.64771	1.64789			6
2024.02.23	16:02:01.424	1.64769				2
2024.02.23	16:02:01.651	1.64771	1.64787			6
2024.02.23	16:02:01.755	1.64769				2
2024.02.23	16:02:02.488	1.64771	1.64788			6
2024.02.23	16:02:02.691	1.64770				2
2024.02.23	16:02:02.928	1.64771	1.64790			6
2024.02.23	16:02:03.034		1.64791			4
2024.02.23	16:02:03.299		1.64790			4
2024.02.23	16:02:03.761		1.64789			4
2024.02.23	16:02:03.975	1.64770				2
2024.02.23	16:02:04.596		1.64790			4
2024.02.23	16:02:04.952		1.64789			4
2024.02.23	16:02:05.167		1.64788			4
2024.02.23	16:02:05.279	1.64769	1.64787			6
2024.02.23	16:02:05.488	1.64770				2
2024.02.23	16:02:05.886		1.64788			4
2024.02.23	16:02:05.992		1.64790			4
2024.02.23	16:02:06.415	1.64771				2
2024.02.23	16:02:06.525	1.64772	1.64793			6
2024.02.23	16:02:07.286		1.64792			4
2024.02.23	16:02:07.385	1.64770	1.64790			6
2024.02.23	16:02:07.486	1.64765	1.64783			6
2024.02.23	16:02:07.591	1.64763	1.64782			6
2024.02.23	16:02:07.692		1.64780			4
2024.02.23	16:02:07.795		1.64781			4
2024.02.23	16:02:08.040		1.64780			4
2024.02.23	16:02:08.366		1.64782			4
2024.02.23	16:02:08.492	1.64765	1.64783			6
2024.02.23	16:02:08.596		1.64782			4
2024.02.23	16:02:08.696	1.64763				2
2024.02.23	16:02:08.937	1.64764				2
2024.02.23	16:02:09.210	1.64768	1.64787			6
2024.02.23	16:02:09.311	1.64769	1.64789			6
2024.02.23	16:02:09.415	1.64770	1.64790			6
2024.02.23	16:02:09.765	1.64769	1.64788			6
2024.02.23	16:02:10.157		1.64789			4
2024.02.23	16:02:10.586	1.64771	1.64790			6
2024.02.23	16:02:11.214	1.64772	1.64791			6
2024.02.23	16:02:11.314	1.64773	1.64794			6
2024.02.23	16:02:11.418	1.64772				2
2024.02.23	16:02:11.531		1.64793			4
2024.02.23	16:02:11.734		1.64794			4
2024.02.23	16:02:11.840		1.64790			4
2024.02.23	16:02:11.964		1.64791			4
2024.02.23	16:02:12.549		1.64790			4
2024.02.23	16:02:12.858	1.64771				2
2024.02.23	16:02:14.467	1.64772				2
2024.02.23	16:02:14.977	1.64766	1.64784			6
2024.02.23	16:02:15.478	1.64767	1.64786			6
2024.02.23	16:02:15.586	1.64771	1.64787			6
2024.02.23	16:02:15.793		1.64788			4
2024.02.23	16:02:15.919		1.64787			4
2024.02.23	16:02:16.038	1.64769	1.64786			6
2024.02.23	16:02:16.247		1.64787			4
2024.02.23	16:02:16.483	1.64770				2
2024.02.23	16:02:16.692		1.64788			4
2024.02.23	16:02:17.048	1.64771	1.64787			6
2024.02.23	16:02:17.370	1.64772	1.64789			6
2024.02.23	16:02:17.756	1.64773	1.64791			6
2024.02.23	16:02:17.963	1.64775	1.64794			6
2024.02.23	16:02:18.438	1.64772	1.64793			6
2024.02.23	16:02:18.545	1.64774	1.64794			6
2024.02.23	16:02:18.644	1.64767	1.64786			6
2024.02.23	16:02:18.748	1.64768	1.64787			6
2024.02.23	16:02:18.976	1.64767	1.64786			6
2024.02.23	16:02:19.439	1.64766				2
2024.02.23	16:02:20.187	1.64767				2
2024.02.23	16:02:20.883	1.64766	1.64787			6
2024.02.23	16:02:21.189		1.64786			4
2024.02.23	16:02:21.501		1.64787			4
2024.02.23	16:02:21.739	1.64767				2
2024.02.23	16:02:21.965		1.64786			4
2024.02.23	16:02:22.064		1.64787			4
2024.02.23	16:02:22.384		1.64786			4
2024.02.23	16:02:22.807	1.64768				2
2024.02.23	16:02:22.910		1.64787			4
2024.02.23	16:02:23.229		1.64786			4
2024.02.23	16:02:23.818		1.64787			4
2024.02.23	16:02:24.212		1.64786			4
2024.02.23	16:02:24.446	1.64769	1.64787			6
2024.02.23	16:02:24.794		1.64788			4
2024.02.23	16:02:24.983		1.64787			4
2024.02.23	16:02:25.372		1.64789			4
2024.02.23	16:02:25.723	1.64772	1.64792			6
2024.02.23	16:02:25.929	1.64774				2
2024.02.23	16:02:26.033		1.64793			4
2024.02.23	16:02:26.257	1.64772	1.64792			6
2024.02.23	16:02:26.449		1.64790			4
2024.02.23	16:02:26.552	1.64770				2
2024.02.23	16:02:27.114		1.64789			4
2024.02.23	16:02:27.681		1.64787			4
2024.02.23	16:02:27.782	1.64771	1.64791			6
2024.02.23	16:02:27.883	1.64772				2
2024.02.23	16:02:28.341	1.64771				2
2024.02.23	16:02:28.577	1.64772	1.64792			6
2024.02.23	16:02:29.430		1.64791			4
2024.02.23	16:02:30.083	1.64775	1.64794			6
2024.02.23	16:02:30.188	1.64772	1.64792			6
2024.02.23	16:02:31.081		1.64794			4
2024.02.23	16:02:31.293		1.64792			4
2024.02.23	16:02:31.510		1.64794			4
2024.02.23	16:02:31.801		1.64792			4
2024.02.23	16:02:32.021		1.64793			4
2024.02.23	16:02:32.168		1.64794			4
2024.02.23	16:02:33.486	1.64773	1.64793			6
2024.02.23	16:02:33.600	1.64771	1.64789			6
2024.02.23	16:02:33.703	1.64770				2
2024.02.23	16:02:33.810		1.64790			4
2024.02.23	16:02:33.931	1.64771				2
2024.02.23	16:02:34.162		1.64791			4
2024.02.23	16:02:34.408	1.64772	1.64790			6
2024.02.23	16:02:34.512	1.64771	1.64791			6
2024.02.23	16:02:34.764		1.64790			4
2024.02.23	16:02:35.189		1.64789			4
2024.02.23	16:02:35.350		1.64790			4
2024.02.23	16:02:35.455	1.64775	1.64797			6
2024.02.23	16:02:35.556	1.64776				2
2024.02.23	16:02:35.759		1.64796			4
2024.02.23	16:02:35.864	1.64777	1.64798			6
2024.02.23	16:02:36.575		1.64797			4
2024.02.23	16:02:37.249		1.64798			4
2024.02.23	16:02:37.467		1.64794			4
2024.02.23	16:02:37.686		1.64795			4
2024.02.23	16:02:37.801		1.64794			4
2024.02.23	16:02:38.138		1.64796			4
2024.02.23	16:02:38.380		1.64794			4
2024.02.23	16:02:39.287	1.64778				2
2024.02.23	16:02:39.387	1.64779	1.64796			6
2024.02.23	16:02:39.491		1.64799			4
2024.02.23	16:02:39.593	1.64780	1.64800			6
2024.02.23	16:02:39.699		1.64798			4
2024.02.23	16:02:39.821		1.64800			4
2024.02.23	16:02:39.922	1.64778	1.64797			6
2024.02.23	16:02:40.147		1.64795			4
2024.02.23	16:02:40.250		1.64794			4
2024.02.23	16:02:40.944		1.64796			4
2024.02.23	16:02:41.870	1.64779				2
2024.02.23	16:02:41.973	1.64778				2
2024.02.23	16:02:42.075	1.64780	1.64798			6
2024.02.23	16:02:42.178	1.64783	1.64801			6
2024.02.23	16:02:42.281	1.64784	1.64800			6
2024.02.23	16:02:43.233		1.64803			4
2024.02.23	16:02:43.334	1.64783				2
2024.02.23	16:02:43.441		1.64801			4
2024.02.23	16:02:43.546		1.64800			4
2024.02.23	16:02:43.871	1.64780	1.64798			6
2024.02.23	16:02:43.965	1.64779				2
2024.02.23	16:02:44.280	1.64778				2
2024.02.23	16:02:44.801	1.64779				2
2024.02.23	16:02:45.019		1.64799			4
2024.02.23	16:02:45.281		1.64798			4
2024.02.23	16:02:45.537	1.64781				2
2024.02.23	16:02:45.652	1.64780	1.64800			6
2024.02.23	16:02:45.753		1.64798			4
2024.02.23	16:02:46.061	1.64779				2
2024.02.23	16:02:46.161	1.64780				2
2024.02.23	16:02:47.083	1.64781				2
2024.02.23	16:02:47.917	1.64779				2
2024.02.23	16:02:48.350	1.64781	1.64802			6
2024.02.23	16:02:48.451	1.64779	1.64800			6
2024.02.23	16:02:49.120	1.64780	1.64802			6
2024.02.23	16:02:49.336		1.64801			4
2024.02.23	16:02:49.570		1.64799			4
2024.02.23	16:02:49.774		1.64800			4
2024.02.23	16:02:50.003		1.64798			4
2024.02.23	16:02:50.600	1.64779				2
2024.02.23	16:02:51.708	1.64780				2
2024.02.23	16:02:52.689	1.64781				2
2024.02.23	16:02:53.289	1.64780				2
2024.02.23	16:02:53.392	1.64778	1.64795			6
2024.02.23	16:02:53.497	1.64776	1.64793			6
2024.02.23	16:02:53.604	1.64777	1.64796			6
2024.02.23	16:02:53.835	1.64778				2
2024.02.23	16:02:53.942	1.64780	1.64800			6
2024.02.23	16:02:54.614	1.64779	1.64798			6
2024.02.23	16:02:54.838		1.64796			4
2024.02.23	16:02:54.937		1.64795			4
2024.02.23	16:02:55.038	1.64780	1.64798			6
2024.02.23	16:02:55.153	1.64779				2
2024.02.23	16:02:55.566	1.64780				2
2024.02.23	16:02:55.701	1.64778	1.64794			6
2024.02.23	16:02:55.802	1.64777				2
2024.02.23	16:02:56.044	1.64779	1.64795			6
2024.02.23	16:02:56.557		1.64794			4
2024.02.23	16:02:56.905	1.64780	1.64797			6
2024.02.23	16:02:57.010	1.64779	1.64798			6
2024.02.23	16:02:57.281	1.64780	1.64799			6
2024.02.23	16:02:57.386		1.64798			4
2024.02.23	16:02:57.528	1.64779	1.64796			6
2024.02.23	16:02:57.631	1.64777	1.64795			6
2024.02.23	16:02:57.732		1.64792			4
2024.02.23	16:02:57.957		1.64793			4
2024.02.23	16:02:58.098	1.64776				2
2024.02.23	16:02:58.788	1.64775	1.64792			6
2024.02.23	16:02:58.892	1.64772				2
2024.02.23	16:02:58.995		1.64790			4
2024.02.23	16:02:59.210	1.64773	1.64791			6
2024.02.23	16:02:59.669		1.64792			4
2024.02.23	16:02:59.768		1.64794			4
2024.02.23	16:03:00.221	1.64773	1.64792			6
2024.02.23	16:03:00.324	1.64772				2
2024.02.23	16:03:00.544	1.64774	1.64791			6
2024.02.23	16:03:00.645	1.64777	1.64794			6
2024.02.23	16:03:00.771	1.64778				2
2024.02.23	16:03:01.229		1.64797			4
2024.02.23	16:03:01.381	1.64777	1.64796			6
2024.02.23	16:03:01.489		1.64797			4
2024.02.23	16:03:01.908	1.64778				2
2024.02.23	16:03:02.010	1.64775	1.64792			6
2024.02.23	16:03:02.111	1.64777				2
2024.02.23	16:03:02.222	1.64774				2
2024.02.23	16:03:02.347		1.64793			4
2024.02.23	16:03:02.454	1.64776	1.64795			6
2024.02.23	16:03:02.566	1.64777				2
2024.02.23	16:03:02.668		1.64797			4
2024.02.23	16:03:02.777		1.64794			4
2024.02.23	16:03:03.712	1.64778				2
2024.02.23	16:03:05.763		1.64795			4
2024.02.23	16:03:05.875		1.64794			4
2024.02.23	16:03:06.085		1.64795			4
2024.02.23	16:03:06.193		1.64796			4
2024.02.23	16:03:06.294		1.64794			4
2024.02.23	16:03:06.539		1.64796			4
2024.02.23	16:03:06.640		1.64795			4
2024.02.23	16:03:06.881	1.64779	1.64798			6
2024.02.23	16:03:07.861		1.64795			4
2024.02.23	16:03:07.970		1.64798			4
2024.02.23	16:03:09.844		1.64796			4
2024.02.23	16:03:09.982		1.64798			4
2024.02.23	16:03:11.827		1.64796			4
2024.02.23	16:03:11.928	1.64775	1.64795			6
2024.02.23	16:03:12.131	1.64776	1.64794			6
2024.02.23	16:03:12.344		1.64793			4
2024.02.23	16:03:12.444	1.64778	1.64798			6
2024.02.23	16:03:12.651	1.64779				2
2024.02.23	16:03:12.971	1.64778	1.64794			6
2024.02.23	16:03:13.096		1.64795			4
2024.02.23	16:03:13.798		1.64794			4
2024.02.23	16:03:14.061		1.64798			4
2024.02.23	16:03:14.178		1.64794			4
2024.02.23	16:03:14.339		1.64798			4
2024.02.23	16:03:14.439	1.64779				2
2024.02.23	16:03:14.578	1.64778				2
2024.02.23	16:03:14.820		1.64796			4
2024.02.23	16:03:14.975	1.64779				2
2024.02.23	16:03:15.110	1.64778	1.64795			6
2024.02.23	16:03:15.976	1.64777	1.64794			6
2024.02.23	16:03:16.367		1.64795			4
2024.02.23	16:03:16.520		1.64794			4
2024.02.23	16:03:18.042		1.64795			4
2024.02.23	16:03:18.751		1.64794			4
2024.02.23	16:03:18.857	1.64772	1.64795			6
2024.02.23	16:03:18.959	1.64774	1.64793			6
2024.02.23	16:03:19.064	1.64772	1.64792			6
2024.02.23	16:03:19.411		1.64791			4
2024.02.23	16:03:19.513	1.64771	1.64788			6
2024.02.23	16:03:19.617	1.64770				2
2024.02.23	16:03:19.720	1.64769				2
2024.02.23	16:03:19.828	1.64770				2
2024.02.23	16:03:19.967	1.64769				2
2024.02.23	16:03:20.099	1.64770	1.64787			6
2024.02.23	16:03:20.202	1.64774	1.64789			6
2024.02.23	16:03:20.304	1.64776	1.64794			6
2024.02.23	16:03:20.521		1.64795			4
2024.02.23	16:03:20.763	1.64775				2
2024.02.23	16:03:21.078	1.64776				2
2024.02.23	16:03:21.568	1.64777				2
2024.02.23	16:03:21.897	1.64776				2
2024.02.23	16:03:22.216	1.64779				2
2024.02.23	16:03:23.399	1.64777				2
2024.02.23	16:03:24.092	1.64778				2
2024.02.23	16:03:25.659	1.64776				2
2024.02.23	16:03:26.168	1.64778				2
2024.02.23	16:03:27.052	1.64776				2
2024.02.23	16:03:27.243	1.64777				2
2024.02.23	16:03:28.418	1.64778				2
2024.02.23	16:03:29.326	1.64777				2
2024.02.23	16:03:29.687	1.64776				2
2024.02.23	16:03:31.041	1.64774	1.64791			6
2024.02.23	16:03:31.147	1.64770	1.64788			6
2024.02.23	16:03:31.256		1.64789			4
2024.02.23	16:03:31.357	1.64772	1.64790			6
2024.02.23	16:03:31.564		1.64789			4
2024.02.23	16:03:31.669	1.64771				2
2024.02.23	16:03:32.034	1.64772	1.64790			6
2024.02.23	16:03:32.135		1.64792			4
2024.02.23	16:03:32.239	1.64776	1.64796			6
2024.02.23	16:03:32.452	1.64775				2
2024.02.23	16:03:32.592	1.64776				2
2024.02.23	16:03:32.692	1.64773	1.64791			6
2024.02.23	16:03:32.795	1.64772				2
2024.02.23	16:03:32.996	1.64773				2
2024.02.23	16:03:33.417		1.64789			4
2024.02.23	16:03:33.839		1.64790			4
2024.02.23	16:03:33.961	1.64772	1.64789			6
2024.02.23	16:03:34.092		1.64790			4
2024.02.23	16:03:34.215		1.64791			4
2024.02.23	16:03:34.772		1.64790			4
2024.02.23	16:03:35.152	1.64771				2
2024.02.23	16:03:35.259	1.64770	1.64788			6
2024.02.23	16:03:35.377		1.64792			4
2024.02.23	16:03:35.483		1.64789			4
2024.02.23	16:03:35.639		1.64790			4
2024.02.23	16:03:35.744	1.64771				2
2024.02.23	16:03:36.020	1.64770				2
2024.02.23	16:03:36.349		1.64791			4
2024.02.23	16:03:36.925		1.64788			4
2024.02.23	16:03:37.030	1.64769				2
2024.02.23	16:03:37.235	1.64768				2
2024.02.23	16:03:37.363		1.64787			4
2024.02.23	16:03:37.754		1.64786			4
2024.02.23	16:03:37.856		1.64787			4
2024.02.23	16:03:38.088		1.64784			4
2024.02.23	16:03:38.215	1.64763	1.64782			6
2024.02.23	16:03:38.423	1.64765	1.64785			6
2024.02.23	16:03:38.523		1.64784			4
2024.02.23	16:03:39.196	1.64767				2
2024.02.23	16:03:39.850		1.64785			4
2024.02.23	16:03:40.862	1.64764	1.64781			6
2024.02.23	16:03:40.964		1.64784			4
2024.02.23	16:03:41.070	1.64766				2
2024.02.23	16:03:41.280	1.64767				2
2024.02.23	16:03:42.512		1.64785			4
2024.02.23	16:03:42.617		1.64784			4
2024.02.23	16:03:42.728		1.64785			4
2024.02.23	16:03:43.613		1.64787			4
2024.02.23	16:03:44.037		1.64786			4
2024.02.23	16:03:44.141		1.64787			4
2024.02.23	16:03:44.372	1.64776	1.64795			6
2024.02.23	16:03:44.477	1.64772	1.64794			6
2024.02.23	16:03:44.695	1.64773				2
2024.02.23	16:03:44.798	1.64772				2
2024.02.23	16:03:45.310	1.64773				2
2024.02.23	16:03:45.989		1.64793			4
2024.02.23	16:03:46.392	1.64770	1.64791			6
2024.02.23	16:03:48.351	1.64774	1.64792			6
2024.02.23	16:03:48.802	1.64775	1.64794			6
2024.02.23	16:03:49.159	1.64776	1.64795			6
2024.02.23	16:03:49.530	1.64777				2
2024.02.23	16:03:49.755		1.64796			4
2024.02.23	16:03:49.858		1.64795			4
2024.02.23	16:03:50.978	1.64776	1.64794			6
2024.02.23	16:03:51.511	1.64777	1.64795			6
2024.02.23	16:03:52.256	1.64776				2
2024.02.23	16:03:52.588		1.64792			4
2024.02.23	16:03:52.692	1.64774	1.64794			6
2024.02.23	16:03:53.108	1.64775	1.64795			6
2024.02.23	16:03:53.331		1.64794			4
2024.02.23	16:03:54.088		1.64796			4
2024.02.23	16:03:54.193	1.64776				2
2024.02.23	16:03:54.428		1.64795			4
2024.02.23	16:03:54.655	1.64775				2
2024.02.23	16:03:55.680	1.64774				2
2024.02.23	16:03:55.819		1.64796			4
2024.02.23	16:03:56.602		1.64797			4
2024.02.23	16:03:56.738		1.64796			4
2024.02.23	16:03:56.958	1.64775	1.64795			6
2024.02.23	16:03:57.581	1.64774				2
2024.02.23	16:03:57.785	1.64773				2
2024.02.23	16:03:58.055	1.64776	1.64796			6
2024.02.23	16:03:58.158	1.64775				2
2024.02.23	16:03:58.488		1.64795			4
2024.02.23	16:03:58.824	1.64771	1.64791			6
2024.02.23	16:03:58.928	1.64773	1.64792			6
2024.02.23	16:03:59.051		1.64790			4
2024.02.23	16:03:59.334	1.64772	1.64791			6
2024.02.23	16:03:59.437	1.64774	1.64793			6
2024.02.23	16:04:00.079	1.64774				2
2024.02.23	16:04:00.181	1.64775	1.64795			6
2024.02.23	16:04:00.285		1.64794			4
2024.02.23	16:04:00.516	1.64773				2
2024.02.23	16:04:00.627	1.64772	1.64792			6
2024.02.23	16:04:00.975	1.64773				2
2024.02.23	16:04:01.079		1.64790			4
2024.02.23	16:04:01.191	1.64774	1.64793			6
2024.02.23	16:04:01.443	1.64773				2
2024.02.23	16:04:01.652	1.64776				2
2024.02.23	16:04:01.761	1.64779	1.64799			6
2024.02.23	16:04:01.968	1.64778	1.64797			6
2024.02.23	16:04:02.550	1.64779	1.64795			6
2024.02.23	16:04:02.765		1.64797			4
2024.02.23	16:04:04.079		1.64798			4
2024.02.23	16:04:04.400	1.64776	1.64796			6
2024.02.23	16:04:04.501		1.64795			4
2024.02.23	16:04:05.148	1.64777	1.64797			6
2024.02.23	16:04:05.270		1.64798			4
2024.02.23	16:04:05.476		1.64797			4
2024.02.23	16:04:05.852	1.64776				2
2024.02.23	16:04:05.955		1.64795			4
2024.02.23	16:04:06.057	1.64778	1.64797			6
2024.02.23	16:04:06.530	1.64777	1.64798			6
2024.02.23	16:04:06.734		1.64797			4
2024.02.23	16:04:06.947		1.64796			4
2024.02.23	16:04:07.174	1.64776	1.64795			6
2024.02.23	16:04:07.275	1.64775				2
2024.02.23	16:04:07.379		1.64794			4
2024.02.23	16:04:07.483	1.64774	1.64791			6
2024.02.23	16:04:08.159	1.64773				2
2024.02.23	16:04:08.907	1.64774	1.64794			6
2024.02.23	16:04:09.276		1.64795			4
2024.02.23	16:04:09.380		1.64792			4
2024.02.23	16:04:10.076		1.64795			4
2024.02.23	16:04:10.452	1.64775				2
2024.02.23	16:04:10.558	1.64774				2
2024.02.23	16:04:11.665	1.64776				2
2024.02.23	16:04:12.416	1.64777				2
2024.02.23	16:04:12.519	1.64778				2
2024.02.23	16:04:12.622	1.64780	1.64797			6
2024.02.23	16:04:12.734		1.64798			4
2024.02.23	16:04:12.843		1.64800			4
2024.02.23	16:04:12.951		1.64798			4
2024.02.23	16:04:13.278		1.64799			4
2024.02.23	16:04:14.542		1.64800			4
2024.02.23	16:04:14.901		1.64799			4
2024.02.23	16:04:15.368	1.64782	1.64801			6
2024.02.23	16:04:16.191		1.64799			4
2024.02.23	16:04:16.753		1.64801			4
2024.02.23	16:04:16.985	1.64781	1.64799			6
2024.02.23	16:04:17.332		1.64800			4
2024.02.23	16:04:17.457		1.64799			4
2024.02.23	16:04:18.211		1.64801			4
2024.02.23	16:04:18.315		1.64799			4
2024.02.23	16:04:18.588		1.64798			4
2024.02.23	16:04:19.021		1.64799			4
2024.02.23	16:04:19.145		1.64800			4
2024.02.23	16:04:20.132	1.64782	1.64801			6
2024.02.23	16:04:20.251		1.64800			4
2024.02.23	16:04:20.359		1.64801			4
2024.02.23	16:04:20.962		1.64802			4
2024.02.23	16:04:21.312		1.64801			4
2024.02.23	16:04:21.840		1.64800			4
2024.02.23	16:04:21.949		1.64799			4
2024.02.23	16:04:22.062		1.64801			4
2024.02.23	16:04:22.521	1.64783	1.64802			6
2024.02.23	16:04:22.652		1.64803			4
2024.02.23	16:04:22.764	1.64784				2
2024.02.23	16:04:23.103		1.64801			4
2024.02.23	16:04:23.556		1.64803			4
2024.02.23	16:04:23.665	1.64785				2
2024.02.23	16:04:24.079	1.64783	1.64801			6
2024.02.23	16:04:24.517	1.64782	1.64799			6
2024.02.23	16:04:24.615		1.64800			4
2024.02.23	16:04:24.724	1.64778	1.64798			6
2024.02.23	16:04:24.827	1.64777	1.64797			6
2024.02.23	16:04:24.927	1.64776	1.64795			6
2024.02.23	16:04:25.036		1.64793			4
2024.02.23	16:04:25.289		1.64795			4
2024.02.23	16:04:25.960		1.64794			4
2024.02.23	16:04:26.063		1.64792			4
2024.02.23	16:04:26.498	1.64778	1.64795			6
2024.02.23	16:04:26.603	1.64777				2
2024.02.23	16:04:26.706	1.64778	1.64796			6
2024.02.23	16:04:26.810	1.64779	1.64799			6
2024.02.23	16:04:27.037		1.64797			4
2024.02.23	16:04:27.239		1.64798			4
2024.02.23	16:04:28.788		1.64797			4
2024.02.23	16:04:28.910		1.64798			4
2024.02.23	16:04:29.257	1.64777	1.64796			6
2024.02.23	16:04:29.360		1.64794			4
2024.02.23	16:04:29.487		1.64797			4
2024.02.23	16:04:29.841	1.64778				2
2024.02.23	16:04:30.043		1.64798			4
2024.02.23	16:04:30.249	1.64780				2
2024.02.23	16:04:31.229	1.64775	1.64795			6
2024.02.23	16:04:31.337	1.64774	1.64796			6
2024.02.23	16:04:31.555		1.64795			4
2024.02.23	16:04:31.656		1.64793			4
2024.02.23	16:04:32.066		1.64794			4
2024.02.23	16:04:32.166		1.64795			4
2024.02.23	16:04:32.269	1.64772	1.64791			6
2024.02.23	16:04:32.370	1.64771	1.64792			6
2024.02.23	16:04:32.470	1.64772				2
2024.02.23	16:04:32.572	1.64773	1.64793			6
2024.02.23	16:04:32.690	1.64774				2
2024.02.23	16:04:32.893	1.64775	1.64796			6
2024.02.23	16:04:32.997		1.64797			4
2024.02.23	16:04:33.521		1.64796			4
2024.02.23	16:04:33.724	1.64774				2
2024.02.23	16:04:33.828		1.64791			4
2024.02.23	16:04:33.944	1.64772				2
2024.02.23	16:04:34.487		1.64792			4
2024.02.23	16:04:34.947		1.64790			4
2024.02.23	16:04:35.577		1.64791			4
2024.02.23	16:04:35.795	1.64775	1.64793			6
2024.02.23	16:04:35.899	1.64773				2
2024.02.23	16:04:36.013	1.64774				2
2024.02.23	16:04:36.234	1.64775				2
2024.02.23	16:04:36.740		1.64791			4
2024.02.23	16:04:36.841		1.64792			4
2024.02.23	16:04:36.978		1.64794			4
2024.02.23	16:04:37.077	1.64779	1.64798			6
2024.02.23	16:04:37.294		1.64799			4
2024.02.23	16:04:37.518	1.64781				2
2024.02.23	16:04:37.618	1.64782	1.64802			6
2024.02.23	16:04:37.719		1.64801			4
2024.02.23	16:04:37.941		1.64802			4
2024.02.23	16:04:38.177		1.64801			4
2024.02.23	16:04:38.453		1.64802			4
2024.02.23	16:04:38.556	1.64783				2
2024.02.23	16:04:38.986	1.64782	1.64801			6
2024.02.23	16:04:39.091	1.64781	1.64802			6
2024.02.23	16:04:39.452	1.64782	1.64800			6
2024.02.23	16:04:39.560		1.64801			4
2024.02.23	16:04:39.671		1.64802			4
2024.02.23	16:04:39.774	1.64779				2
2024.02.23	16:04:39.875	1.64780				2
2024.02.23	16:04:40.253	1.64782				2
2024.02.23	16:04:42.491	1.64781				2
2024.02.23	16:04:42.592	1.64782				2
2024.02.23	16:04:43.049	1.64781				2
2024.02.23	16:04:43.153	1.64780	1.64801			6
2024.02.23	16:04:43.258	1.64777	1.64797			6
2024.02.23	16:04:43.361	1.64776	1.64796			6
2024.02.23	16:04:43.588	1.64779	1.64797			6
2024.02.23	16:04:43.700		1.64798			4
2024.02.23	16:04:43.812		1.64799			4
2024.02.23	16:04:44.041	1.64780				2
2024.02.23	16:04:44.450	1.64779				2
2024.02.23	16:04:44.857	1.64781				2
2024.02.23	16:04:47.298	1.64780				2
2024.02.23	16:04:47.401	1.64777				2
2024.02.23	16:04:47.627	1.64776				2
2024.02.23	16:04:48.059	1.64777				2
2024.02.23	16:04:48.168	1.64776	1.64793			6
2024.02.23	16:04:48.288		1.64794			4
2024.02.23	16:04:48.816		1.64795			4
2024.02.23	16:04:50.527		1.64793			4
2024.02.23	16:04:50.632	1.64774	1.64790			6
2024.02.23	16:04:50.864		1.64791			4
2024.02.23	16:04:51.210	1.64775	1.64793			6
2024.02.23	16:04:51.462	1.64774				2
2024.02.23	16:04:51.689	1.64775				2
2024.02.23	16:04:52.035	1.64777				2
2024.02.23	16:04:52.907		1.64792			4
2024.02.23	16:04:53.600		1.64793			4
2024.02.23	16:04:54.297	1.64783	1.64802			6
2024.02.23	16:04:54.967		1.64803			4
2024.02.23	16:04:55.087		1.64801			4
2024.02.23	16:04:55.292		1.64802			4
2024.02.23	16:04:56.356		1.64801			4
2024.02.23	16:04:56.459	1.64785	1.64802			6
2024.02.23	16:04:56.661		1.64804			4
2024.02.23	16:04:56.764	1.64782	1.64798			6
2024.02.23	16:04:56.881	1.64780				2
2024.02.23	16:04:57.860	1.64781	1.64799			6
2024.02.23	16:04:57.957	1.64783	1.64798			6
2024.02.23	16:04:58.063		1.64802			4
2024.02.23	16:04:58.163	1.64785				2
2024.02.23	16:04:58.891	1.64783	1.64801			6
2024.02.23	16:04:58.991		1.64803			4
2024.02.23	16:04:59.459		1.64802			4
2024.02.23	16:04:59.823		1.64799			4
2024.02.23	16:05:00.301	1.64781				2
2024.02.23	16:05:00.769		1.64796			4
2024.02.23	16:05:01.833		1.64795			4
2024.02.23	16:05:01.965		1.64796			4
2024.02.23	16:05:02.524		1.64801			4
2024.02.23	16:05:02.624		1.64802			4
2024.02.23	16:05:02.729	1.64782				2
2024.02.23	16:05:02.845	1.64778	1.64798			6
2024.02.23	16:05:03.568		1.64795			4
2024.02.23	16:05:03.785	1.64779	1.64797			6
2024.02.23	16:05:04.041	1.64778				2
2024.02.23	16:05:04.618	1.64777				2
2024.02.23	16:05:04.776	1.64778				2
2024.02.23	16:05:05.194		1.64798			4
2024.02.23	16:05:05.296	1.64777				2
2024.02.23	16:05:05.722		1.64796			4
2024.02.23	16:05:05.825		1.64797			4
2024.02.23	16:05:05.925		1.64795			4
2024.02.23	16:05:06.026	1.64778				2
2024.02.23	16:05:06.173		1.64796			4
2024.02.23	16:05:06.277	1.64777	1.64794			6
2024.02.23	16:05:06.641	1.64775				2
2024.02.23	16:05:06.744	1.64776				2
2024.02.23	16:05:07.094	1.64775				2
2024.02.23	16:05:07.200	1.64776				2
2024.02.23	16:05:07.353		1.64793			4
2024.02.23	16:05:07.583	1.64774				2
2024.02.23	16:05:07.696	1.64776				2
2024.02.23	16:05:07.797		1.64794			4
2024.02.23	16:05:07.928	1.64773	1.64790			6
2024.02.23	16:05:08.182		1.64791			4
2024.02.23	16:05:08.291	1.64772				2
2024.02.23	16:05:08.711	1.64769	1.64786			6
2024.02.23	16:05:08.818	1.64770	1.64787			6
2024.02.23	16:05:09.230	1.64769				2
2024.02.23	16:05:09.337	1.64770				2
2024.02.23	16:05:09.775	1.64769				2
2024.02.23	16:05:10.100		1.64786			4
2024.02.23	16:05:10.201	1.64771				2
2024.02.23	16:05:10.484		1.64787			4
2024.02.23	16:05:11.025		1.64788			4
2024.02.23	16:05:11.193	1.64772	1.64787			6
2024.02.23	16:05:11.303	1.64771				2
2024.02.23	16:05:11.424		1.64788			4
2024.02.23	16:05:11.566		1.64787			4
2024.02.23	16:05:11.699		1.64788			4
2024.02.23	16:05:11.807	1.64770				2
2024.02.23	16:05:12.031	1.64769				2
2024.02.23	16:05:12.385	1.64768	1.64786			6
2024.02.23	16:05:12.617		1.64787			4
2024.02.23	16:05:12.770	1.64771	1.64789			6
2024.02.23	16:05:12.974	1.64770				2
2024.02.23	16:05:13.080		1.64790			4
2024.02.23	16:05:13.208		1.64789			4
2024.02.23	16:05:13.550		1.64788			4
2024.02.23	16:05:13.683	1.64769				2
2024.02.23	16:05:14.172	1.64770				2
2024.02.23	16:05:14.274	1.64769				2
2024.02.23	16:05:14.375		1.64789			4
2024.02.23	16:05:14.475	1.64770	1.64787			6
2024.02.23	16:05:14.579		1.64789			4
2024.02.23	16:05:14.826	1.64769				2
2024.02.23	16:05:15.043		1.64788			4
2024.02.23	16:05:15.409		1.64789			4
2024.02.23	16:05:15.827		1.64788			4
2024.02.23	16:05:16.101		1.64789			4
2024.02.23	16:05:16.207	1.64770	1.64790			6
2024.02.23	16:05:16.436		1.64788			4
2024.02.23	16:05:16.554	1.64771	1.64789			6
2024.02.23	16:05:16.656	1.64766	1.64785			6
2024.02.23	16:05:16.761	1.64763	1.64782			6
2024.02.23	16:05:17.293		1.64781			4
2024.02.23	16:05:17.618	1.64762				2
2024.02.23	16:05:17.751		1.64782			4
2024.02.23	16:05:18.655		1.64781			4
2024.02.23	16:05:18.965		1.64782			4
2024.02.23	16:05:19.173		1.64781			4
2024.02.23	16:05:19.764	1.64763				2
2024.02.23	16:05:19.885	1.64762	1.64782			6
2024.02.23	16:05:20.015		1.64781			4
2024.02.23	16:05:21.199	1.64761				2
2024.02.23	16:05:21.449		1.64782			4
2024.02.23	16:05:22.070		1.64781			4
2024.02.23	16:05:23.160		1.64782			4
2024.02.23	16:05:23.407		1.64781			4
2024.02.23	16:05:23.514		1.64782			4
2024.02.23	16:05:23.728		1.64781			4
2024.02.23	16:05:24.506	1.64762	1.64776			6
2024.02.23	16:05:24.607	1.64763	1.64780			6
2024.02.23	16:05:24.813	1.64766				2
2024.02.23	16:05:24.921	1.64763	1.64779			6
2024.02.23	16:05:25.023		1.64780			4
2024.02.23	16:05:25.444		1.64781			4
2024.02.23	16:05:25.545	1.64766	1.64783			6
2024.02.23	16:05:27.070		1.64786			4
2024.02.23	16:05:27.175	1.64765	1.64784			6
2024.02.23	16:05:27.278	1.64764	1.64782			6
2024.02.23	16:05:27.377		1.64781			4
2024.02.23	16:05:27.480		1.64782			4
2024.02.23	16:05:27.597	1.64763				2
2024.02.23	16:05:27.907		1.64781			4
2024.02.23	16:05:29.148	1.64762	1.64782			6
2024.02.23	16:05:29.400	1.64761	1.64781			6
2024.02.23	16:05:29.502	1.64759	1.64780			6
2024.02.23	16:05:29.607	1.64756	1.64776			6
2024.02.23	16:05:29.711	1.64757				2
2024.02.23	16:05:29.816	1.64758				2
2024.02.23	16:05:30.167	1.64761	1.64780			6
2024.02.23	16:05:30.274	1.64762	1.64781			6
2024.02.23	16:05:30.485		1.64783			4
2024.02.23	16:05:30.748	1.64764				2
2024.02.23	16:05:30.991	1.64765	1.64784			6
2024.02.23	16:05:31.092	1.64761	1.64780			6
2024.02.23	16:05:31.311	1.64762				2
2024.02.23	16:05:31.529		1.64784			4
2024.02.23	16:05:33.005	1.64760	1.64780			6
2024.02.23	16:05:33.109	1.64761				2
2024.02.23	16:05:33.437	1.64762				2
2024.02.23	16:05:33.720	1.64761				2
2024.02.23	16:05:33.825	1.64760	1.64778			6
2024.02.23	16:05:33.935		1.64780			4
2024.02.23	16:05:34.199	1.64761				2
2024.02.23	16:05:34.301	1.64760				2
2024.02.23	16:05:34.401	1.64761				2
2024.02.23	16:05:34.509	1.64760				2
2024.02.23	16:05:35.067	1.64759	1.64777			6
2024.02.23	16:05:35.272		1.64779			4
2024.02.23	16:05:36.198	1.64760				2
2024.02.23	16:05:36.306	1.64764	1.64781			6
2024.02.23	16:05:36.737	1.64765	1.64784			6
2024.02.23	16:05:36.839		1.64787			4
2024.02.23	16:05:36.954	1.64764				2
2024.02.23	16:05:37.065		1.64786			4
2024.02.23	16:05:37.497	1.64765	1.64783			6
2024.02.23	16:05:37.721	1.64766	1.64782			6
2024.02.23	16:05:38.941	1.64765	1.64783			6
2024.02.23	16:05:39.181	1.64763	1.64782			6
2024.02.23	16:05:39.283		1.64781			4
2024.02.23	16:05:39.389		1.64782			4
2024.02.23	16:05:39.593		1.64781			4
2024.02.23	16:05:39.803	1.64764				2
2024.02.23	16:05:39.916		1.64783			4
2024.02.23	16:05:40.322		1.64784			4
2024.02.23	16:05:40.429		1.64786			4
2024.02.23	16:05:40.627		1.64784			4
2024.02.23	16:05:40.902		1.64783			4
2024.02.23	16:05:41.006		1.64784			4
2024.02.23	16:05:41.108		1.64783			4
2024.02.23	16:05:41.211		1.64784			4
2024.02.23	16:05:41.319	1.64763				2
2024.02.23	16:05:41.674		1.64785			4
2024.02.23	16:05:41.784	1.64766	1.64784			6
2024.02.23	16:05:42.029		1.64785			4
2024.02.23	16:05:42.145		1.64786			4
2024.02.23	16:05:42.269		1.64785			4
2024.02.23	16:05:42.706	1.64764				2
2024.02.23	16:05:42.815	1.64763	1.64784			6
2024.02.23	16:05:42.915	1.64765	1.64787			6
2024.02.23	16:05:43.017	1.64771	1.64788			6
2024.02.23	16:05:43.118		1.64791			4
2024.02.23	16:05:43.223	1.64772				2
2024.02.23	16:05:43.325	1.64774	1.64796			6
2024.02.23	16:05:43.433	1.64772	1.64793			6
2024.02.23	16:05:43.539		1.64794			4
2024.02.23	16:05:43.655		1.64793			4
2024.02.23	16:05:43.759	1.64771				2
2024.02.23	16:05:43.973	1.64772				2
2024.02.23	16:05:44.429		1.64792			4
2024.02.23	16:05:44.564	1.64773	1.64793			6
2024.02.23	16:05:44.664	1.64774	1.64795			6
2024.02.23	16:05:44.770	1.64776	1.64799			6
2024.02.23	16:05:44.882	1.64778				2
2024.02.23	16:05:45.851	1.64774	1.64797			6
2024.02.23	16:05:45.955	1.64773				2
2024.02.23	16:05:46.110		1.64796			4
2024.02.23	16:05:46.467		1.64797			4
2024.02.23	16:05:46.832		1.64796			4
2024.02.23	16:05:47.643	1.64771	1.64792			6
2024.02.23	16:05:47.753	1.64770	1.64788			6
2024.02.23	16:05:47.872		1.64789			4
2024.02.23	16:05:47.976	1.64771	1.64791			6
2024.02.23	16:05:48.197	1.64770				2
2024.02.23	16:05:49.083		1.64790			4
2024.02.23	16:05:49.197		1.64791			4
2024.02.23	16:05:49.295	1.64769				2
2024.02.23	16:05:49.400	1.64771	1.64790			6
2024.02.23	16:05:49.507	1.64770				2
2024.02.23	16:05:49.627		1.64789			4
2024.02.23	16:05:49.849	1.64769				2
2024.02.23	16:05:50.061	1.64770	1.64786			6
2024.02.23	16:05:50.165	1.64768	1.64787			6
2024.02.23	16:05:50.371		1.64788			4
2024.02.23	16:05:50.629	1.64769	1.64789			6
2024.02.23	16:05:50.998	1.64770				2
2024.02.23	16:05:51.873	1.64769				2
2024.02.23	16:05:52.167	1.64770				2
2024.02.23	16:05:52.283	1.64769				2
2024.02.23	16:05:52.560	1.64770				2
2024.02.23	16:05:52.808	1.64771				2
2024.02.23	16:05:52.909	1.64772				2
2024.02.23	16:05:53.023		1.64791			4
2024.02.23	16:05:53.128	1.64771				2
2024.02.23	16:05:53.232	1.64773				2
2024.02.23	16:05:53.380	1.64770	1.64788			6
2024.02.23	16:05:53.684	1.64771				2
2024.02.23	16:05:53.796	1.64773	1.64792			6
2024.02.23	16:05:54.021	1.64771				2
2024.02.23	16:05:54.133		1.64793			4
2024.02.23	16:05:54.270	1.64772	1.64792			6
2024.02.23	16:05:54.374		1.64793			4
2024.02.23	16:05:54.583		1.64792			4
2024.02.23	16:05:54.702	1.64776	1.64796			6
2024.02.23	16:05:54.807	1.64773	1.64793			6
2024.02.23	16:05:54.908	1.64774	1.64794			6
2024.02.23	16:05:55.133	1.64776	1.64796			6
2024.02.23	16:05:55.247		1.64797			4
2024.02.23	16:05:55.462		1.64798			4
2024.02.23	16:05:55.576	1.64777				2
2024.02.23	16:05:55.864	1.64776	1.64797			6
2024.02.23	16:05:55.963		1.64795			4
2024.02.23	16:05:56.194		1.64796			4
2024.02.23	16:05:56.297		1.64795			4
2024.02.23	16:05:56.469		1.64796			4
2024.02.23	16:05:56.746	1.64774	1.64795			6
2024.02.23	16:05:56.856	1.64773				2
2024.02.23	16:05:56.957	1.64771	1.64793			6
2024.02.23	16:05:57.174	1.64772				2
2024.02.23	16:05:57.282	1.64773	1.64794			6
2024.02.23	16:05:57.525	1.64772				2
2024.02.23	16:05:57.633	1.64773				2
2024.02.23	16:05:57.839		1.64793			4
2024.02.23	16:05:58.187	1.64774	1.64790			6
2024.02.23	16:05:58.388	1.64772				2
2024.02.23	16:05:58.600	1.64773	1.64791			6
2024.02.23	16:05:58.820	1.64771	1.64790			6
2024.02.23	16:05:59.134	1.64772				2
2024.02.23	16:05:59.572	1.64771				2
2024.02.23	16:06:00.086	1.64771				2
2024.02.23	16:06:00.189	1.64772				2
2024.02.23	16:06:00.312		1.64794			4
2024.02.23	16:06:00.412		1.64793			4
2024.02.23	16:06:00.807		1.64794			4
2024.02.23	16:06:00.914	1.64773				2
2024.02.23	16:06:01.081	1.64772				2
2024.02.23	16:06:01.409	1.64773	1.64792			6
2024.02.23	16:06:01.526	1.64772				2
2024.02.23	16:06:02.526	1.64773				2
2024.02.23	16:06:02.845	1.64772	1.64791			6
2024.02.23	16:06:03.051		1.64790			4
2024.02.23	16:06:04.193		1.64791			4
2024.02.23	16:06:04.750		1.64790			4
2024.02.23	16:06:05.320	1.64771	1.64791			6
2024.02.23	16:06:05.890		1.64790			4
2024.02.23	16:06:07.455	1.64770				2
2024.02.23	16:06:10.775	1.64769				2
2024.02.23	16:06:11.016	1.64770				2
2024.02.23	16:06:12.197		1.64789			4
2024.02.23	16:06:12.297	1.64766	1.64784			6
2024.02.23	16:06:12.522	1.64765				2
2024.02.23	16:06:12.625	1.64766				2
2024.02.23	16:06:12.841	1.64767	1.64787			6
2024.02.23	16:06:13.607		1.64786			4
2024.02.23	16:06:13.958	1.64766				2
2024.02.23	16:06:14.389	1.64764	1.64783			6
2024.02.23	16:06:15.027	1.64766				2
2024.02.23	16:06:15.189	1.64765				2
2024.02.23	16:06:15.855		1.64782			4
2024.02.23	16:06:15.970		1.64783			4
2024.02.23	16:06:16.221	1.64766	1.64784			6
2024.02.23	16:06:16.324	1.64768	1.64787			6
2024.02.23	16:06:16.427	1.64766	1.64780			6
2024.02.23	16:06:16.538	1.64764				2
2024.02.23	16:06:16.769	1.64763	1.64779			6
2024.02.23	16:06:16.896		1.64781			4
2024.02.23	16:06:16.996		1.64782			4
2024.02.23	16:06:17.214	1.64762	1.64780			6
2024.02.23	16:06:18.027	1.64763	1.64782			6
2024.02.23	16:06:18.126		1.64783			4
2024.02.23	16:06:18.229		1.64785			4
2024.02.23	16:06:18.482		1.64783			4
2024.02.23	16:06:18.640		1.64784			4
2024.02.23	16:06:18.879	1.64762				2
2024.02.23	16:06:19.321		1.64783			4
2024.02.23	16:06:19.548		1.64784			4
2024.02.23	16:06:19.832		1.64783			4
2024.02.23	16:06:20.153	1.64763				2
2024.02.23	16:06:20.882		1.64782			4
2024.02.23	16:06:21.259	1.64770	1.64783			6
2024.02.23	16:06:21.374	1.64768	1.64788			6
2024.02.23	16:06:21.468		1.64786			4
2024.02.23	16:06:21.570		1.64787			4
2024.02.23	16:06:21.673		1.64788			4
2024.02.23	16:06:22.216		1.64787			4
2024.02.23	16:06:22.468	1.64769				2
2024.02.23	16:06:22.572		1.64788			4
2024.02.23	16:06:22.736		1.64787			4
2024.02.23	16:06:22.840	1.64771	1.64791			6
2024.02.23	16:06:23.051	1.64773	1.64792			6
2024.02.23	16:06:23.156	1.64772	1.64791			6
2024.02.23	16:06:23.497	1.64773	1.64792			6
2024.02.23	16:06:23.608	1.64775	1.64794			6
2024.02.23	16:06:23.729	1.64771	1.64789			6
2024.02.23	16:06:23.829	1.64770	1.64792			6
2024.02.23	16:06:23.933		1.64788			4
2024.02.23	16:06:24.554	1.64769				2
2024.02.23	16:06:24.776	1.64770	1.64789			6
2024.02.23	16:06:25.732	1.64768	1.64790			6
2024.02.23	16:06:25.842	1.64769				2
2024.02.23	16:06:25.946	1.64767	1.64787			6
2024.02.23	16:06:26.157		1.64788			4
2024.02.23	16:06:26.256	1.64766				2
2024.02.23	16:06:26.580	1.64767				2
2024.02.23	16:06:27.304	1.64768				2
2024.02.23	16:06:27.534		1.64789			4
2024.02.23	16:06:27.638	1.64767	1.64788			6
2024.02.23	16:06:27.875	1.64766				2
2024.02.23	16:06:27.986	1.64767				2
2024.02.23	16:06:28.314	1.64769				2
2024.02.23	16:06:28.417	1.64762	1.64785			6
2024.02.23	16:06:28.516	1.64763	1.64783			6
2024.02.23	16:06:28.618	1.64765				2
2024.02.23	16:06:28.961		1.64784			4
2024.02.23	16:06:29.233	1.64763	1.64783			6
2024.02.23	16:06:29.333	1.64761	1.64781			6
2024.02.23	16:06:29.435		1.64780			4
2024.02.23	16:06:29.649		1.64782			4
2024.02.23	16:06:29.755		1.64781			4
2024.02.23	16:06:29.862	1.64760				2
2024.02.23	16:06:29.966	1.64761	1.64782			6
2024.02.23	16:06:30.066	1.64760	1.64781			6
2024.02.23	16:06:30.170	1.64759				2
2024.02.23	16:06:30.270		1.64778			4
2024.02.23	16:06:30.375	1.64756				2
2024.02.23	16:06:30.490	1.64763	1.64784			6
2024.02.23	16:06:30.595	1.64764				2
2024.02.23	16:06:30.698	1.64765				2
2024.02.23	16:06:31.193	1.64766				2
2024.02.23	16:06:31.295	1.64765				2
2024.02.23	16:06:31.398	1.64767				2
2024.02.23	16:06:31.719	1.64765				2
2024.02.23	16:06:33.337	1.64764				2
2024.02.23	16:06:33.437	1.64765				2
2024.02.23	16:06:33.542	1.64764				2
2024.02.23	16:06:33.919		1.64781			4
2024.02.23	16:06:34.365	1.64763				2
2024.02.23	16:06:34.577	1.64764				2
2024.02.23	16:06:34.709	1.64763				2
2024.02.23	16:06:34.811		1.64780			4
2024.02.23	16:06:34.915	1.64765	1.64784			6
2024.02.23	16:06:35.758	1.64763				2
2024.02.23	16:06:35.979		1.64780			4
2024.02.23	16:06:36.087	1.64764				2
2024.02.23	16:06:36.414	1.64765	1.64784			6
2024.02.23	16:06:37.475	1.64764				2
2024.02.23	16:06:37.581	1.64763				2
2024.02.23	16:06:37.899	1.64764				2
2024.02.23	16:06:37.999	1.64765				2
2024.02.23	16:06:38.109	1.64764				2
2024.02.23	16:06:38.430	1.64763				2
2024.02.23	16:06:38.748	1.64764				2
2024.02.23	16:06:38.855	1.64765				2
2024.02.23	16:06:39.278	1.64766				2
2024.02.23	16:06:39.417	1.64763				2
2024.02.23	16:06:39.518	1.64764				2
2024.02.23	16:06:41.322	1.64763				2
2024.02.23	16:06:41.787	1.64762	1.64780			6
2024.02.23	16:06:42.160	1.64764	1.64781			6
2024.02.23	16:06:42.260		1.64784			4
2024.02.23	16:06:42.412	1.64760	1.64780			6
2024.02.23	16:06:42.516	1.64761				2
2024.02.23	16:06:42.617	1.64762	1.64784			6
2024.02.23	16:06:42.718		1.64780			4
2024.02.23	16:06:43.032		1.64784			4
2024.02.23	16:06:43.508	1.64765				2
2024.02.23	16:06:43.813	1.64764				2
2024.02.23	16:06:44.058	1.64767	1.64790			6
2024.02.23	16:06:44.158	1.64770				2
2024.02.23	16:06:44.264	1.64769	1.64787			6
2024.02.23	16:06:44.369	1.64768				2
2024.02.23	16:06:44.577		1.64790			4
2024.02.23	16:06:44.783	1.64766	1.64787			6
2024.02.23	16:06:45.004	1.64768	1.64790			6
2024.02.23	16:06:45.223	1.64765	1.64786			6
2024.02.23	16:06:45.459	1.64768				2
2024.02.23	16:06:45.561	1.64763	1.64785			6
2024.02.23	16:06:45.663		1.64784			4
2024.02.23	16:06:45.764	1.64766	1.64783			6
2024.02.23	16:06:45.867	1.64765				2
2024.02.23	16:06:46.003	1.64764	1.64784			6
2024.02.23	16:06:46.101	1.64767	1.64785			6
2024.02.23	16:06:46.209	1.64768	1.64789			6
2024.02.23	16:06:46.314	1.64767				2
2024.02.23	16:06:46.518	1.64765	1.64784			6
2024.02.23	16:06:46.628		1.64783			4
2024.02.23	16:06:46.758	1.64766	1.64784			6
2024.02.23	16:06:46.868	1.64764	1.64782			6
2024.02.23	16:06:46.972	1.64765	1.64783			6
2024.02.23	16:06:47.074	1.64764	1.64782			6
2024.02.23	16:06:47.174	1.64765	1.64788			6
2024.02.23	16:06:47.275	1.64768				2
2024.02.23	16:06:47.490	1.64767				2
2024.02.23	16:06:47.864	1.64763	1.64783			6
2024.02.23	16:06:47.962	1.64762				2
2024.02.23	16:06:48.502	1.64761				2
2024.02.23	16:06:48.605		1.64782			4
2024.02.23	16:06:48.712		1.64781			4
2024.02.23	16:06:48.813		1.64782			4
2024.02.23	16:06:49.607		1.64781			4
2024.02.23	16:06:49.823	1.64764	1.64784			6
2024.02.23	16:06:49.926	1.64765				2
2024.02.23	16:06:50.029	1.64764	1.64788			6
2024.02.23	16:06:50.409	1.64765				2
2024.02.23	16:06:50.519	1.64764				2
2024.02.23	16:06:50.633	1.64765				2
2024.02.23	16:06:50.961	1.64766				2
2024.02.23	16:06:51.187	1.64765				2
2024.02.23	16:06:51.402	1.64772	1.64790			6
2024.02.23	16:06:51.498	1.64769				2
2024.02.23	16:06:51.601	1.64772	1.64794			6
2024.02.23	16:06:52.420	1.64773				2
2024.02.23	16:06:52.657	1.64772				2
2024.02.23	16:06:52.780	1.64773				2
2024.02.23	16:06:53.224	1.64772				2
2024.02.23	16:06:53.331	1.64771	1.64790			6
2024.02.23	16:06:53.433	1.64778	1.64799			6
2024.02.23	16:06:53.533		1.64803			4
2024.02.23	16:06:53.643		1.64799			4
2024.02.23	16:06:53.747		1.64801			4
2024.02.23	16:06:53.851	1.64776	1.64797			6
2024.02.23	16:06:54.304	1.64777				2
2024.02.23	16:06:54.633		1.64796			4
2024.02.23	16:06:54.738		1.64800			4
2024.02.23	16:06:54.879	1.64776				2
2024.02.23	16:06:55.244		1.64796			4
2024.02.23	16:06:55.346	1.64774	1.64793			6
2024.02.23	16:06:55.449	1.64775				2
2024.02.23	16:06:55.548		1.64794			4
2024.02.23	16:06:55.800	1.64776				2
2024.02.23	16:06:55.904	1.64775				2
2024.02.23	16:06:56.112	1.64774				2
2024.02.23	16:06:56.214	1.64773				2
2024.02.23	16:06:56.319	1.64774	1.64792			6
2024.02.23	16:06:56.423	1.64776				2
2024.02.23	16:06:56.639		1.64793			4
2024.02.23	16:06:56.867	1.64775	1.64791			6
2024.02.23	16:06:56.970	1.64773	1.64793			6
2024.02.23	16:06:57.072	1.64772	1.64790			6
2024.02.23	16:06:57.201	1.64773				2
2024.02.23	16:06:57.314	1.64772				2
2024.02.23	16:06:57.420	1.64770				2
2024.02.23	16:06:57.643	1.64771				2
2024.02.23	16:06:57.868	1.64769				2
2024.02.23	16:06:58.292	1.64770				2
2024.02.23	16:06:58.527		1.64791			4
2024.02.23	16:06:58.743		1.64792			4
2024.02.23	16:06:58.843	1.64767	1.64787			6
2024.02.23	16:06:58.943	1.64768	1.64786			6
2024.02.23	16:06:59.254	1.64770				2
2024.02.23	16:06:59.375	1.64768	1.64787			6
2024.02.23	16:06:59.579	1.64770	1.64790			6
2024.02.23	16:06:59.966	1.64768				2
2024.02.23	16:07:00.181	1.64768	1.64788			6
2024.02.23	16:07:00.771		1.64790			4
2024.02.23	16:07:02.083	1.64765	1.64786			6
2024.02.23	16:07:02.541	1.64768	1.64787			6
2024.02.23	16:07:02.816		1.64789			4
2024.02.23	16:07:03.036		1.64787			4
2024.02.23	16:07:03.374	1.64767	1.64788			6
2024.02.23	16:07:03.479		1.64787			4
2024.02.23	16:07:03.694	1.64768	1.64788			6
2024.02.23	16:07:03.798		1.64790			4
2024.02.23	16:07:03.933	1.64769				2
2024.02.23	16:07:04.061	1.64772	1.64791			6
2024.02.23	16:07:04.163	1.64768	1.64787			6
2024.02.23	16:07:04.265		1.64790			4
2024.02.23	16:07:04.598		1.64788			4
2024.02.23	16:07:04.705		1.64789			4
2024.02.23	16:07:04.813	1.64767	1.64786			6
2024.02.23	16:07:04.961	1.64766				2
2024.02.23	16:07:05.186	1.64767				2
2024.02.23	16:07:05.541	1.64769	1.64792			6
2024.02.23	16:07:05.642	1.64770	1.64790			6
2024.02.23	16:07:05.968		1.64789			4
2024.02.23	16:07:06.073	1.64768				2
2024.02.23	16:07:06.174		1.64788			4
2024.02.23	16:07:06.278		1.64789			4
2024.02.23	16:07:06.394		1.64788			4
2024.02.23	16:07:06.522	1.64767	1.64786			6
2024.02.23	16:07:06.625		1.64785			4
2024.02.23	16:07:06.729	1.64765				2
2024.02.23	16:07:06.862	1.64766	1.64787			6
2024.02.23	16:07:07.309	1.64767				2
2024.02.23	16:07:07.427	1.64766				2
2024.02.23	16:07:07.576	1.64769	1.64788			6
2024.02.23	16:07:07.679	1.64766	1.64787			6
2024.02.23	16:07:07.782	1.64765	1.64785			6
2024.02.23	16:07:08.174	1.64766				2
2024.02.23	16:07:08.551	1.64765	1.64786			6
2024.02.23	16:07:08.652		1.64785			4
2024.02.23	16:07:09.296	1.64766	1.64786			6
2024.02.23	16:07:09.501	1.64767				2
2024.02.23	16:07:09.719		1.64788			4
2024.02.23	16:07:10.060		1.64786			4
2024.02.23	16:07:10.275	1.64769	1.64789			6
2024.02.23	16:07:10.376	1.64768				2
2024.02.23	16:07:10.484	1.64767	1.64787			6
2024.02.23	16:07:10.604		1.64789			4
2024.02.23	16:07:10.707	1.64768				2
2024.02.23	16:07:10.819	1.64767	1.64787			6
2024.02.23	16:07:10.935	1.64766				2
2024.02.23	16:07:11.061	1.64772	1.64791			6
2024.02.23	16:07:11.157	1.64770	1.64793			6
2024.02.23	16:07:11.258	1.64771				2
2024.02.23	16:07:11.412	1.64774				2
2024.02.23	16:07:11.516	1.64773				2
2024.02.23	16:07:11.632	1.64772	1.64792			6
2024.02.23	16:07:11.734	1.64771	1.64791			6
2024.02.23	16:07:11.839	1.64774	1.64792			6
2024.02.23	16:07:11.939	1.64771	1.64793			6
2024.02.23	16:07:12.040		1.64792			4
2024.02.23	16:07:12.191		1.64791			4
2024.02.23	16:07:12.291	1.64770	1.64790			6
2024.02.23	16:07:12.398	1.64772	1.64792			6
2024.02.23	16:07:12.856	1.64773				2
2024.02.23	16:07:13.075	1.64774	1.64794			6
2024.02.23	16:07:13.624	1.64771	1.64790			6
2024.02.23	16:07:13.726		1.64791			4
2024.02.23	16:07:14.033	1.64772	1.64792			6
2024.02.23	16:07:14.253		1.64794			4
2024.02.23	16:07:14.353		1.64795			4
2024.02.23	16:07:14.570	1.64773	1.64797			6
2024.02.23	16:07:14.923		1.64793			4
2024.02.23	16:07:15.028		1.64795			4
2024.02.23	16:07:15.279	1.64772				2
2024.02.23	16:07:15.495	1.64773				2
2024.02.23	16:07:15.598	1.64779	1.64799			6
2024.02.23	16:07:16.041		1.64797			4
2024.02.23	16:07:16.269		1.64798			4
2024.02.23	16:07:16.377	1.64780	1.64797			6
2024.02.23	16:07:16.481		1.64800			4
2024.02.23	16:07:16.619		1.64796			4
2024.02.23	16:07:16.722		1.64798			4
2024.02.23	16:07:16.826		1.64796			4
2024.02.23	16:07:16.932		1.64797			4
2024.02.23	16:07:17.035	1.64781	1.64799			6
2024.02.23	16:07:17.139	1.64779				2
2024.02.23	16:07:17.305		1.64800			4
2024.02.23	16:07:17.458		1.64799			4
2024.02.23	16:07:17.559		1.64800			4
2024.02.23	16:07:17.712	1.64774	1.64792			6
2024.02.23	16:07:17.813	1.64771	1.64790			6
2024.02.23	16:07:18.451	1.64770	1.64791			6
2024.02.23	16:07:18.656	1.64771				2
2024.02.23	16:07:18.952	1.64770	1.64792			6
2024.02.23	16:07:19.090	1.64771				2
2024.02.23	16:07:19.633	1.64772				2
2024.02.23	16:07:20.007	1.64771				2
2024.02.23	16:07:20.114	1.64772				2
2024.02.23	16:07:20.346	1.64771	1.64791			6
2024.02.23	16:07:20.683	1.64769				2
2024.02.23	16:07:20.786	1.64770	1.64790			6
2024.02.23	16:07:21.105		1.64791			4
2024.02.23	16:07:21.231	1.64772				2
2024.02.23	16:07:21.617	1.64771	1.64790			6
2024.02.23	16:07:21.718		1.64791			4
2024.02.23	16:07:21.922	1.64772				2
2024.02.23	16:07:22.025		1.64792			4
2024.02.23	16:07:22.146	1.64771				2
2024.02.23	16:07:22.264	1.64772				2
2024.02.23	16:07:22.921		1.64791			4
2024.02.23	16:07:23.023	1.64771	1.64790			6
2024.02.23	16:07:23.128	1.64770	1.64791			6
2024.02.23	16:07:23.235	1.64771				2
2024.02.23	16:07:23.353	1.64770				2
2024.02.23	16:07:23.472		1.64790			4
2024.02.23	16:07:23.977		1.64793			4
2024.02.23	16:07:24.328		1.64790			4
2024.02.23	16:07:24.800	1.64769	1.64788			6
2024.02.23	16:07:24.905	1.64770	1.64789			6
2024.02.23	16:07:25.239	1.64769				2
2024.02.23	16:07:25.459	1.64770				2
2024.02.23	16:07:25.765	1.64771	1.64792			6
2024.02.23	16:07:26.074	1.64773	1.64794			6
2024.02.23	16:07:26.177		1.64796			4
2024.02.23	16:07:26.282		1.64794			4
2024.02.23	16:07:26.399	1.64774				2
2024.02.23	16:07:26.776		1.64795			4
2024.02.23	16:07:27.139	1.64775				2
2024.02.23	16:07:27.477	1.64774				2
2024.02.23	16:07:27.890	1.64773	1.64794			6
2024.02.23	16:07:28.265		1.64795			4
2024.02.23	16:07:28.372		1.64794			4
2024.02.23	16:07:28.602	1.64774	1.64795			6
2024.02.23	16:07:28.704	1.64775				2
2024.02.23	16:07:28.813	1.64776				2
2024.02.23	16:07:28.913	1.64777	1.64796			6
2024.02.23	16:07:29.267	1.64776				2
2024.02.23	16:07:29.384	1.64775				2
2024.02.23	16:07:29.492	1.64776	1.64795			6
2024.02.23	16:07:29.630	1.64777				2
2024.02.23	16:07:29.760		1.64797			4
2024.02.23	16:07:29.865	1.64778				2
2024.02.23	16:07:29.968	1.64777	1.64798			6
2024.02.23	16:07:30.300	1.64778				2
2024.02.23	16:07:30.402	1.64779	1.64801			6
2024.02.23	16:07:30.506	1.64777	1.64798			6
2024.02.23	16:07:30.614	1.64778				2
2024.02.23	16:07:30.720	1.64779				2
2024.02.23	16:07:30.827		1.64799			4
2024.02.23	16:07:31.255		1.64800			4
2024.02.23	16:07:31.355		1.64801			4
2024.02.23	16:07:31.582	1.64780				2
2024.02.23	16:07:31.907	1.64778	1.64800			6
2024.02.23	16:07:32.007	1.64775	1.64799			6
2024.02.23	16:07:32.112	1.64777				2
2024.02.23	16:07:32.210	1.64775				2
2024.02.23	16:07:32.312	1.64777				2
2024.02.23	16:07:32.562	1.64776				2
2024.02.23	16:07:33.577	1.64781	1.64802			6
2024.02.23	16:07:34.221		1.64801			4
2024.02.23	16:07:34.646	1.64779	1.64802			6
2024.02.23	16:07:35.024		1.64800			4
2024.02.23	16:07:35.127	1.64775	1.64795			6
2024.02.23	16:07:35.244		1.64796			4
2024.02.23	16:07:35.799	1.64774	1.64795			6
2024.02.23	16:07:36.019	1.64773				2
2024.02.23	16:07:36.123	1.64775				2
2024.02.23	16:07:36.430	1.64774				2
2024.02.23	16:07:36.539		1.64794			4
2024.02.23	16:07:36.637	1.64775				2
2024.02.23	16:07:36.746		1.64795			4
2024.02.23	16:07:36.875		1.64794			4
2024.02.23	16:07:36.982		1.64795			4
2024.02.23	16:07:37.115	1.64776	1.64794			6
2024.02.23	16:07:37.216	1.64778	1.64798			6
2024.02.23	16:07:38.194	1.64777				2
2024.02.23	16:07:38.302	1.64778				2
2024.02.23	16:07:38.995		1.64801			4
2024.02.23	16:07:39.101	1.64777	1.64798			6
2024.02.23	16:07:39.315		1.64796			4
2024.02.23	16:07:39.418	1.64778				2
2024.02.23	16:07:39.675	1.64777	1.64795			6
2024.02.23	16:07:40.249	1.64778				2
2024.02.23	16:07:40.491		1.64797			4
2024.02.23	16:07:40.616		1.64795			4
2024.02.23	16:07:40.731	1.64779	1.64797			6
2024.02.23	16:07:40.878		1.64799			4
2024.02.23	16:07:41.207	1.64778				2
2024.02.23	16:07:41.362	1.64775	1.64795			6
2024.02.23	16:07:41.470	1.64777				2
2024.02.23	16:07:41.598		1.64796			4
2024.02.23	16:07:41.741	1.64778				2
2024.02.23	16:07:42.488		1.64797			4
2024.02.23	16:07:42.596	1.64776	1.64796			6
2024.02.23	16:07:42.804	1.64777				2
2024.02.23	16:07:42.910	1.64776				2
2024.02.23	16:07:43.017	1.64777	1.64794			6
2024.02.23	16:07:43.344	1.64776				2
2024.02.23	16:07:43.568	1.64774				2
2024.02.23	16:07:43.926	1.64776	1.64796			6
2024.02.23	16:07:44.025	1.64773	1.64795			6
2024.02.23	16:07:44.127		1.64794			4
2024.02.23	16:07:44.232	1.64771	1.64793			6
2024.02.23	16:07:44.363	1.64776	1.64792			6
2024.02.23	16:07:44.462		1.64794			4
2024.02.23	16:07:44.564	1.64777				2
2024.02.23	16:07:44.769		1.64796			4
2024.02.23	16:07:44.884	1.64778	1.64797			6
2024.02.23	16:07:44.985	1.64777				2
2024.02.23	16:07:45.203		1.64798			4
2024.02.23	16:07:45.316	1.64778				2
2024.02.23	16:07:45.530	1.64779				2
2024.02.23	16:07:45.743	1.64778				2
2024.02.23	16:07:47.107	1.64777				2
2024.02.23	16:07:47.226		1.64799			4
2024.02.23	16:07:47.351	1.64776	1.64797			6
2024.02.23	16:07:48.198		1.64795			4
2024.02.23	16:07:48.297		1.64798			4
2024.02.23	16:07:48.412		1.64796			4
2024.02.23	16:07:48.730		1.64795			4
2024.02.23	16:07:48.832		1.64796			4
2024.02.23	16:07:49.228	1.64777	1.64798			6
2024.02.23	16:07:49.342	1.64778				2
2024.02.23	16:07:49.833		1.64800			4
2024.02.23	16:07:49.936	1.64775	1.64794			6
2024.02.23	16:07:50.037	1.64774	1.64797			6
2024.02.23	16:07:50.795		1.64798			4
2024.02.23	16:07:51.176	1.64776	1.64799			6
2024.02.23	16:07:51.396	1.64775				2
2024.02.23	16:07:52.529		1.64797			4
2024.02.23	16:07:53.295		1.64798			4
2024.02.23	16:07:53.412	1.64778				2
2024.02.23	16:07:53.530	1.64777				2
2024.02.23	16:07:53.640	1.64775	1.64796			6
2024.02.23	16:07:53.747		1.64795			4
2024.02.23	16:07:53.858	1.64776				2
2024.02.23	16:07:54.171	1.64774				2
2024.02.23	16:07:54.380		1.64796			4
2024.02.23	16:07:54.893	1.64775				2
2024.02.23	16:07:55.234		1.64795			4
2024.02.23	16:07:55.645		1.64796			4
2024.02.23	16:07:55.959	1.64776	1.64795			6
2024.02.23	16:07:57.291	1.64774	1.64796			6
2024.02.23	16:07:57.790		1.64795			4
2024.02.23	16:07:57.891	1.64775				2
2024.02.23	16:07:58.620	1.64777				2
2024.02.23	16:07:58.731	1.64775				2
2024.02.23	16:07:59.472		1.64796			4
2024.02.23	16:07:59.579	1.64777	1.64797			6
2024.02.23	16:07:59.788	1.64775	1.64796			6
2024.02.23	16:08:00.004	1.64775	1.64795			6
2024.02.23	16:08:00.133	1.64774				2
2024.02.23	16:08:00.235		1.64794			4
2024.02.23	16:08:00.336	1.64769	1.64788			6
2024.02.23	16:08:00.442	1.64767	1.64786			6
2024.02.23	16:08:00.537	1.64766				2
2024.02.23	16:08:00.738	1.64764				2
2024.02.23	16:08:01.311	1.64763				2
2024.02.23	16:08:01.413		1.64783			4
2024.02.23	16:08:01.724	1.64761				2
2024.02.23	16:08:02.135	1.64763				2
2024.02.23	16:08:02.341	1.64767	1.64788			6
2024.02.23	16:08:02.440	1.64768	1.64785			6
2024.02.23	16:08:02.543	1.64767				2
2024.02.23	16:08:03.021	1.64765	1.64782			6
2024.02.23	16:08:03.125	1.64764				2
2024.02.23	16:08:03.225		1.64784			4
2024.02.23	16:08:03.692	1.64765	1.64785			6
2024.02.23	16:08:04.038	1.64768				2
2024.02.23	16:08:04.164		1.64787			4
2024.02.23	16:08:04.265	1.64770	1.64788			6
2024.02.23	16:08:04.544	1.64768				2
2024.02.23	16:08:04.700	1.64765	1.64787			6
2024.02.23	16:08:04.801	1.64766				2
2024.02.23	16:08:05.119	1.64769	1.64786			6
2024.02.23	16:08:05.239		1.64785			4
2024.02.23	16:08:05.446		1.64786			4
2024.02.23	16:08:05.946		1.64785			4
2024.02.23	16:08:06.061		1.64784			4
2024.02.23	16:08:06.371		1.64785			4
2024.02.23	16:08:06.926		1.64787			4
2024.02.23	16:08:07.030		1.64785			4
2024.02.23	16:08:07.242	1.64765	1.64784			6
2024.02.23	16:08:07.530	1.64766	1.64783			6
2024.02.23	16:08:07.874	1.64765	1.64784			6
2024.02.23	16:08:07.977	1.64768	1.64783			6
2024.02.23	16:08:08.076	1.64767				2
2024.02.23	16:08:08.178		1.64781			4
2024.02.23	16:08:08.291	1.64761				2
2024.02.23	16:08:08.499	1.64763				2
2024.02.23	16:08:08.602	1.64765	1.64784			6
2024.02.23	16:08:08.702	1.64763				2
2024.02.23	16:08:08.813		1.64783			4
2024.02.23	16:08:09.024	1.64766				2
2024.02.23	16:08:09.125	1.64763	1.64781			6
2024.02.23	16:08:09.233	1.64762				2
2024.02.23	16:08:09.343		1.64782			4
2024.02.23	16:08:09.443		1.64783			4
2024.02.23	16:08:09.544	1.64763				2
2024.02.23	16:08:09.679	1.64765				2
2024.02.23	16:08:09.788		1.64784			4
2024.02.23	16:08:10.157	1.64763	1.64781			6
2024.02.23	16:08:10.367		1.64780			4
2024.02.23	16:08:11.051	1.64761				2
2024.02.23	16:08:11.586	1.64759				2
2024.02.23	16:08:11.936		1.64778			4
2024.02.23	16:08:12.194	1.64756	1.64774			6
2024.02.23	16:08:12.296		1.64776			4
2024.02.23	16:08:12.432	1.64759				2
2024.02.23	16:08:12.540	1.64756	1.64775			6
2024.02.23	16:08:13.010		1.64776			4
2024.02.23	16:08:13.283		1.64774			4
2024.02.23	16:08:13.612	1.64759	1.64782			6
2024.02.23	16:08:13.840		1.64783			4
2024.02.23	16:08:13.939	1.64763	1.64782			6
2024.02.23	16:08:14.043		1.64783			4
2024.02.23	16:08:14.985	1.64762				2
2024.02.23	16:08:15.189	1.64761	1.64779			6
2024.02.23	16:08:15.951	1.64759	1.64776			6
2024.02.23	16:08:16.265	1.64758	1.64775			6
2024.02.23	16:08:16.694		1.64777			4
2024.02.23	16:08:16.803		1.64778			4
2024.02.23	16:08:16.904	1.64757	1.64777			6
2024.02.23	16:08:17.009	1.64758	1.64778			6
2024.02.23	16:08:17.156		1.64779			4
2024.02.23	16:08:17.467	1.64757	1.64778			6
2024.02.23	16:08:17.572		1.64775			4
2024.02.23	16:08:17.673	1.64755	1.64777			6
2024.02.23	16:08:17.782		1.64778			4
2024.02.23	16:08:17.920	1.64757	1.64777			6
2024.02.23	16:08:18.024	1.64762	1.64782			6
2024.02.23	16:08:18.128		1.64783			4
2024.02.23	16:08:18.228	1.64763				2
2024.02.23	16:08:18.328	1.64764	1.64784			6
2024.02.23	16:08:18.430	1.64759	1.64780			6
2024.02.23	16:08:18.539		1.64781			4
2024.02.23	16:08:18.746	1.64760				2
2024.02.23	16:08:19.014		1.64778			4
2024.02.23	16:08:19.116	1.64761				2
2024.02.23	16:08:19.221	1.64760	1.64780			6
2024.02.23	16:08:19.440	1.64758	1.64779			6
2024.02.23	16:08:19.544	1.64760	1.64780			6
2024.02.23	16:08:19.643	1.64761	1.64779			6
2024.02.23	16:08:19.851	1.64760	1.64778			6
2024.02.23	16:08:19.952	1.64759				2
2024.02.23	16:08:20.072	1.64760				2
2024.02.23	16:08:22.332	1.64758				2
2024.02.23	16:08:22.435	1.64759	1.64777			6
2024.02.23	16:08:22.536		1.64779			4
2024.02.23	16:08:22.636	1.64761	1.64780			6
2024.02.23	16:08:22.879	1.64759	1.64779			6
2024.02.23	16:08:22.985	1.64756	1.64777			6
2024.02.23	16:08:23.726		1.64776			4
2024.02.23	16:08:23.952	1.64757	1.64775			6
2024.02.23	16:08:24.164	1.64756	1.64776			6
2024.02.23	16:08:24.274	1.64758				2
2024.02.23	16:08:25.314	1.64763	1.64780			6
2024.02.23	16:08:25.415	1.64767	1.64786			6
2024.02.23	16:08:25.618	1.64765				2
2024.02.23	16:08:25.822	1.64764				2
2024.02.23	16:08:26.590	1.64765				2
2024.02.23	16:08:26.793	1.64764				2
2024.02.23	16:08:26.899	1.64765				2
2024.02.23	16:08:27.124	1.64764				2
2024.02.23	16:08:27.225	1.64765	1.64785			6
2024.02.23	16:08:27.326		1.64786			4
2024.02.23	16:08:27.442		1.64785			4
2024.02.23	16:08:27.607		1.64786			4
2024.02.23	16:08:27.825	1.64763	1.64781			6
2024.02.23	16:08:27.935		1.64779			4
2024.02.23	16:08:28.048	1.64761				2
2024.02.23	16:08:28.172	1.64760	1.64777			6
2024.02.23	16:08:28.272		1.64779			4
2024.02.23	16:08:28.371	1.64762				2
2024.02.23	16:08:28.592		1.64780			4
2024.02.23	16:08:28.897		1.64779			4
2024.02.23	16:08:29.005		1.64780			4
2024.02.23	16:08:29.107		1.64779			4
2024.02.23	16:08:29.499	1.64761				2
2024.02.23	16:08:30.390	1.64762				2
2024.02.23	16:08:30.838	1.64760				2
2024.02.23	16:08:30.945	1.64758	1.64778			6
2024.02.23	16:08:31.049	1.64757	1.64776			6
2024.02.23	16:08:31.167	1.64758	1.64777			6
2024.02.23	16:08:31.603	1.64759				2
2024.02.23	16:08:31.845		1.64778			4
2024.02.23	16:08:31.944	1.64761	1.64781			6
2024.02.23	16:08:32.058	1.64763				2
2024.02.23	16:08:32.877	1.64760	1.64779			6
2024.02.23	16:08:32.980	1.64759				2
2024.02.23	16:08:33.225		1.64777			4
2024.02.23	16:08:33.343	1.64758				2
2024.02.23	16:08:33.446	1.64759	1.64775			6
2024.02.23	16:08:33.697	1.64760	1.64778			6
2024.02.23	16:08:33.902		1.64779			4
2024.02.23	16:08:34.110		1.64780			4
2024.02.23	16:08:34.210		1.64778			4
2024.02.23	16:08:34.569		1.64779			4
2024.02.23	16:08:35.449		1.64781			4
2024.02.23	16:08:35.550		1.64780			4
2024.02.23	16:08:35.855	1.64759	1.64782			6
2024.02.23	16:08:35.955	1.64756	1.64776			6
2024.02.23	16:08:36.262	1.64757				2
2024.02.23	16:08:36.364	1.64756				2
2024.02.23	16:08:36.464	1.64754				2
2024.02.23	16:08:36.566	1.64755				2
2024.02.23	16:08:36.703	1.64754				2
2024.02.23	16:08:37.013	1.64756				2
2024.02.23	16:08:37.229	1.64755				2
2024.02.23	16:08:37.345	1.64754				2
2024.02.23	16:08:37.568	1.64757				2
2024.02.23	16:08:37.680	1.64756				2
2024.02.23	16:08:37.902	1.64754				2
2024.02.23	16:08:38.117	1.64755				2
2024.02.23	16:08:38.778	1.64756				2
2024.02.23	16:08:38.902		1.64777			4
2024.02.23	16:08:39.255		1.64776			4
2024.02.23	16:08:39.406		1.64777			4
2024.02.23	16:08:39.846		1.64776			4
2024.02.23	16:08:40.028	1.64757				2
2024.02.23	16:08:40.171	1.64762	1.64782			6
2024.02.23	16:08:40.276	1.64763				2
2024.02.23	16:08:40.379	1.64764	1.64783			6
2024.02.23	16:08:40.479	1.64765				2
2024.02.23	16:08:40.584	1.64766	1.64782			6
2024.02.23	16:08:40.717		1.64783			4
2024.02.23	16:08:41.222	1.64765	1.64782			6
2024.02.23	16:08:41.807	1.64766				2
2024.02.23	16:08:42.135		1.64784			4
2024.02.23	16:08:42.249		1.64783			4
2024.02.23	16:08:42.465	1.64761	1.64782			6
2024.02.23	16:08:42.568	1.64759	1.64778			6
2024.02.23	16:08:42.677	1.64757	1.64776			6
2024.02.23	16:08:43.028	1.64758	1.64777			6
2024.02.23	16:08:43.364		1.64776			4
2024.02.23	16:08:43.478		1.64777			4
2024.02.23	16:08:43.702		1.64776			4
2024.02.23	16:08:43.843		1.64777			4
2024.02.23	16:08:43.945	1.64757	1.64776			6
2024.02.23	16:08:44.169	1.64758				2
2024.02.23	16:08:44.423		1.64779			4
2024.02.23	16:08:44.644		1.64777			4
2024.02.23	16:08:44.910	1.64757	1.64776			6
2024.02.23	16:08:46.273	1.64756				2
2024.02.23	16:08:46.692	1.64758				2
2024.02.23	16:08:47.691	1.64760	1.64780			6
2024.02.23	16:08:47.794		1.64781			4
2024.02.23	16:08:47.898	1.64761				2
2024.02.23	16:08:48.158		1.64780			4
2024.02.23	16:08:48.270		1.64781			4
2024.02.23	16:08:48.378	1.64759				2
2024.02.23	16:08:49.586	1.64760				2
2024.02.23	16:08:49.698		1.64782			4
2024.02.23	16:08:49.799		1.64781			4
2024.02.23	16:08:50.721		1.64782			4
2024.02.23	16:08:51.077		1.64781			4
2024.02.23	16:08:51.178	1.64763				2
2024.02.23	16:08:51.308		1.64783			4
2024.02.23	16:08:52.522	1.64764	1.64784			6
2024.02.23	16:08:52.936	1.64763				2
2024.02.23	16:08:53.164	1.64765				2
2024.02.23	16:08:53.269	1.64768	1.64788			6
2024.02.23	16:08:53.368	1.64769	1.64790			6
2024.02.23	16:08:53.571	1.64770				2
2024.02.23	16:08:53.976	1.64772				2
2024.02.23	16:08:55.084	1.64775	1.64794			6
2024.02.23	16:08:55.545	1.64774				2
2024.02.23	16:08:55.646	1.64773	1.64792			6
2024.02.23	16:08:55.750		1.64791			4
2024.02.23	16:08:55.967		1.64792			4
2024.02.23	16:08:56.458	1.64772				2
2024.02.23	16:08:56.560		1.64791			4
2024.02.23	16:08:56.830	1.64771				2
2024.02.23	16:08:56.938		1.64788			4
2024.02.23	16:08:57.043	1.64774	1.64794			6
2024.02.23	16:08:57.143	1.64775				2
2024.02.23	16:08:57.252	1.64776				2
2024.02.23	16:08:57.357	1.64775				2
2024.02.23	16:08:57.460	1.64776				2
2024.02.23	16:08:57.775	1.64775				2
2024.02.23	16:08:58.290	1.64776	1.64796			6
2024.02.23	16:08:58.397		1.64795			4
2024.02.23	16:08:59.517		1.64794			4
2024.02.23	16:09:00.164	1.64772	1.64791			6
2024.02.23	16:09:00.689	1.64771	1.64794			6
2024.02.23	16:09:00.795	1.64770	1.64793			6
2024.02.23	16:09:00.908	1.64772				2
2024.02.23	16:09:01.014	1.64770	1.64791			6
2024.02.23	16:09:01.336	1.64771	1.64792			6
2024.02.23	16:09:02.174	1.64769				2
2024.02.23	16:09:02.270	1.64774				2
2024.02.23	16:09:02.472	1.64773				2
2024.02.23	16:09:02.923		1.64791			4
2024.02.23	16:09:03.154	1.64775	1.64795			6
2024.02.23	16:09:03.257	1.64773	1.64794			6
2024.02.23	16:09:03.356	1.64775				2
2024.02.23	16:09:03.457	1.64777	1.64796			6
2024.02.23	16:09:03.560	1.64781	1.64798			6
2024.02.23	16:09:03.903	1.64783				2
2024.02.23	16:09:04.197	1.64781	1.64799			6
2024.02.23	16:09:04.296		1.64798			4
2024.02.23	16:09:04.402		1.64799			4
2024.02.23	16:09:04.737	1.64780				2
2024.02.23	16:09:04.838	1.64781	1.64798			6
2024.02.23	16:09:05.125		1.64799			4
2024.02.23	16:09:05.227	1.64780	1.64798			6
2024.02.23	16:09:05.330	1.64781	1.64799			6
2024.02.23	16:09:05.785		1.64798			4
2024.02.23	16:09:06.039	1.64782	1.64801			6
2024.02.23	16:09:06.241		1.64802			4
2024.02.23	16:09:06.354	1.64780				2
2024.02.23	16:09:06.472	1.64781				2
2024.02.23	16:09:06.809	1.64780				2
2024.02.23	16:09:06.912		1.64801			4
2024.02.23	16:09:07.010	1.64781	1.64798			6
2024.02.23	16:09:07.261	1.64780				2
2024.02.23	16:09:07.363	1.64776	1.64797			6
2024.02.23	16:09:07.465	1.64775				2
2024.02.23	16:09:07.573		1.64798			4
2024.02.23	16:09:07.908		1.64797			4
2024.02.23	16:09:08.179	1.64776	1.64799			6
2024.02.23	16:09:08.287	1.64775				2
2024.02.23	16:09:08.508		1.64798			4
2024.02.23	16:09:09.533	1.64774				2
2024.02.23	16:09:09.632	1.64779				2
2024.02.23	16:09:09.736	1.64778				2
2024.02.23	16:09:09.846	1.64775				2
2024.02.23	16:09:09.953	1.64774	1.64794			6
2024.02.23	16:09:09.961	1.64775				2
2024.02.23	16:09:10.079	1.64776				2
2024.02.23	16:09:10.180	1.64775				2
2024.02.23	16:09:10.490	1.64773	1.64791			6
2024.02.23	16:09:10.593	1.64776	1.64794			6
2024.02.23	16:09:10.864	1.64775				2
2024.02.23	16:09:11.556	1.64774				2
2024.02.23	16:09:11.789	1.64773				2
2024.02.23	16:09:12.215	1.64775				2
2024.02.23	16:09:12.322	1.64774				2
2024.02.23	16:09:12.422		1.64790			4
2024.02.23	16:09:12.522	1.64772				2
2024.02.23	16:09:13.106	1.64773				2
2024.02.23	16:09:14.025	1.64772				2
2024.02.23	16:09:14.916	1.64773				2
2024.02.23	16:09:15.170	1.64772				2
2024.02.23	16:09:15.718	1.64770				2
2024.02.23	16:09:15.861	1.64769	1.64789			6
2024.02.23	16:09:16.072	1.64768	1.64790			6
2024.02.23	16:09:16.184	1.64769				2
2024.02.23	16:09:16.296		1.64789			4
2024.02.23	16:09:16.523		1.64788			4
2024.02.23	16:09:16.858		1.64787			4
2024.02.23	16:09:17.103		1.64788			4
2024.02.23	16:09:17.210		1.64787			4
2024.02.23	16:09:17.328		1.64788			4
2024.02.23	16:09:17.880		1.64789			4
2024.02.23	16:09:17.985		1.64790			4
2024.02.23	16:09:18.379	1.64770				2
2024.02.23	16:09:18.572		1.64787			4
2024.02.23	16:09:18.675		1.64789			4
2024.02.23	16:09:18.775		1.64793			4
2024.02.23	16:09:19.000	1.64771				2
2024.02.23	16:09:19.205	1.64770				2
2024.02.23	16:09:19.838		1.64791			4
2024.02.23	16:09:19.939		1.64790			4
2024.02.23	16:09:20.039	1.64769	1.64788			6
2024.02.23	16:09:20.402		1.64787			4
2024.02.23	16:09:22.234		1.64788			4
2024.02.23	16:09:22.345	1.64770				2
2024.02.23	16:09:22.498		1.64789			4
2024.02.23	16:09:22.750	1.64769	1.64788			6
2024.02.23	16:09:22.873		1.64790			4
2024.02.23	16:09:23.777	1.64770	1.64789			6
2024.02.23	16:09:23.878	1.64772	1.64793			6
2024.02.23	16:09:23.978		1.64794			4
2024.02.23	16:09:24.085		1.64793			4
2024.02.23	16:09:24.189	1.64771				2
2024.02.23	16:09:24.421	1.64775				2
2024.02.23	16:09:24.533		1.64791			4
2024.02.23	16:09:25.012	1.64771				2
2024.02.23	16:09:25.545	1.64775	1.64792			6
2024.02.23	16:09:25.659		1.64791			4
2024.02.23	16:09:25.866	1.64771	1.64793			6
2024.02.23	16:09:26.480		1.64791			4
2024.02.23	16:09:27.030		1.64793			4
2024.02.23	16:09:27.135		1.64791			4
2024.02.23	16:09:27.252		1.64792			4
2024.02.23	16:09:27.361	1.64772	1.64791			6
2024.02.23	16:09:27.857		1.64790			4
2024.02.23	16:09:27.965		1.64791			4
2024.02.23	16:09:28.444	1.64771	1.64792			6
2024.02.23	16:09:28.800		1.64791			4
2024.02.23	16:09:29.384	1.64770				2
2024.02.23	16:09:29.626	1.64773	1.64792			6
2024.02.23	16:09:29.720	1.64777	1.64795			6
2024.02.23	16:09:29.824		1.64798			4
2024.02.23	16:09:29.939	1.64778				2
2024.02.23	16:09:30.167	1.64776	1.64797			6
2024.02.23	16:09:30.546		1.64799			4
2024.02.23	16:09:30.685	1.64777	1.64796			6
2024.02.23	16:09:30.794	1.64778	1.64797			6
2024.02.23	16:09:31.064	1.64776	1.64798			6
2024.02.23	16:09:31.387		1.64799			4
2024.02.23	16:09:31.487		1.64798			4
2024.02.23	16:09:31.601	1.64777				2
2024.02.23	16:09:31.741		1.64801			4
2024.02.23	16:09:32.206	1.64778	1.64799			6
2024.02.23	16:09:32.306	1.64777				2
2024.02.23	16:09:32.437	1.64778	1.64800			6
2024.02.23	16:09:32.651	1.64780				2
2024.02.23	16:09:33.086	1.64779				2
2024.02.23	16:09:33.329		1.64799			4
2024.02.23	16:09:33.439	1.64780				2
2024.02.23	16:09:33.544	1.64777	1.64796			6
2024.02.23	16:09:33.673	1.64778				2
2024.02.23	16:09:33.892		1.64798			4
2024.02.23	16:09:34.107		1.64800			4
2024.02.23	16:09:34.323		1.64801			4
2024.02.23	16:09:34.628		1.64800			4
2024.02.23	16:09:34.782	1.64779	1.64799			6
2024.02.23	16:09:35.085	1.64778				2
2024.02.23	16:09:35.397		1.64798			4
2024.02.23	16:09:35.523		1.64799			4
2024.02.23	16:09:35.902	1.64777	1.64797			6
2024.02.23	16:09:36.015		1.64798			4
2024.02.23	16:09:36.218	1.64778				2
2024.02.23	16:09:36.321	1.64779	1.64797			6
2024.02.23	16:09:36.423	1.64782	1.64800			6
2024.02.23	16:09:36.521	1.64783	1.64804			6
2024.02.23	16:09:36.638	1.64782				2
2024.02.23	16:09:36.774	1.64783				2
2024.02.23	16:09:36.880	1.64784				2
2024.02.23	16:09:37.108	1.64786				2
2024.02.23	16:09:37.332	1.64785				2
2024.02.23	16:09:37.873	1.64786				2
2024.02.23	16:09:38.430	1.64782	1.64803			6
2024.02.23	16:09:38.538		1.64804			4
2024.02.23	16:09:39.002		1.64803			4
2024.02.23	16:09:39.282		1.64804			4
2024.02.23	16:09:39.388		1.64802			4
2024.02.23	16:09:39.489	1.64778	1.64800			6
2024.02.23	16:09:39.598		1.64799			4
2024.02.23	16:09:39.700	1.64779				2
2024.02.23	16:09:39.809	1.64777	1.64798			6
2024.02.23	16:09:39.910	1.64778				2
2024.02.23	16:09:40.135		1.64799			4
2024.02.23	16:09:40.263	1.64779	1.64798			6
2024.02.23	16:09:40.490	1.64778				2
2024.02.23	16:09:40.723	1.64779				2
2024.02.23	16:09:40.942		1.64797			4
2024.02.23	16:09:41.391	1.64778	1.64798			6
2024.02.23	16:09:41.611	1.64784	1.64804			6
2024.02.23	16:09:42.057	1.64783				2
2024.02.23	16:09:42.915	1.64782				2
2024.02.23	16:09:43.017	1.64783				2
2024.02.23	16:09:44.622		1.64803			4
2024.02.23	16:09:45.280	1.64782				2
2024.02.23	16:09:45.625	1.64783				2
2024.02.23	16:09:45.861		1.64804			4
2024.02.23	16:09:45.968		1.64803			4
2024.02.23	16:09:46.077	1.64784				2
2024.02.23	16:09:46.186	1.64783	1.64804			6
2024.02.23	16:09:47.980	1.64781	1.64800			6
2024.02.23	16:09:48.080	1.64780				2
2024.02.23	16:09:48.180	1.64782				2
2024.02.23	16:09:49.553	1.64783				2
2024.02.23	16:09:50.043		1.64801			4
2024.02.23	16:09:51.933		1.64800			4
2024.02.23	16:09:52.200	1.64781	1.64801			6
2024.02.23	16:09:52.309	1.64780				2
2024.02.23	16:09:52.424		1.64802			4
2024.02.23	16:09:52.534	1.64781				2
2024.02.23	16:09:52.637	1.64783	1.64804			6
2024.02.23	16:09:52.748	1.64784				2
2024.02.23	16:09:52.958	1.64783				2
2024.02.23	16:09:55.400	1.64781	1.64800			6
2024.02.23	16:09:56.091	1.64782				2
2024.02.23	16:09:56.528	1.64781				2
2024.02.23	16:09:57.655	1.64779				2
2024.02.23	16:09:58.104	1.64778				2
2024.02.23	16:09:58.207	1.64779				2
2024.02.23	16:09:58.312	1.64780				2
2024.02.23	16:09:58.540	1.64782				2
2024.02.23	16:09:58.642	1.64780				2
2024.02.23	16:09:59.248	1.64781				2
2024.02.23	16:09:59.453	1.64782				2
2024.02.23	16:10:00.412	1.64784	1.64804			6
2024.02.23	16:10:02.024	1.64785				2
2024.02.23	16:10:02.858	1.64784				2
2024.02.23	16:10:03.623	1.64781				2
2024.02.23	16:10:03.987	1.64784				2
2024.02.23	16:10:05.422	1.64782				2
2024.02.23	16:10:06.255	1.64783				2
2024.02.23	16:10:07.279	1.64781				2
2024.02.23	16:10:07.394	1.64779	1.64800			6
2024.02.23	16:10:07.989	1.64780				2
2024.02.23	16:10:08.638	1.64779				2
2024.02.23	16:10:08.741	1.64780				2
2024.02.23	16:10:10.210	1.64781				2
2024.02.23	16:10:10.316	1.64780				2
2024.02.23	16:10:10.562	1.64781				2
2024.02.23	16:10:10.691	1.64780				2
2024.02.23	16:10:11.402	1.64782				2
2024.02.23	16:10:11.505	1.64780				2
2024.02.23	16:10:12.733	1.64781				2
2024.02.23	16:10:12.942	1.64782				2
2024.02.23	16:10:13.044	1.64781				2
2024.02.23	16:10:13.796		1.64801			4
2024.02.23	16:10:13.897	1.64787	1.64808			6
2024.02.23	16:10:14.000	1.64789	1.64806			6
2024.02.23	16:10:14.352	1.64790	1.64811			6
2024.02.23	16:10:14.566	1.64789	1.64810			6
2024.02.23	16:10:14.671		1.64806			4
2024.02.23	16:10:15.049	1.64788				2
2024.02.23	16:10:15.185	1.64790	1.64812			6
2024.02.23	16:10:16.550	1.64789	1.64809			6
2024.02.23	16:10:16.762	1.64788				2
2024.02.23	16:10:17.099	1.64789				2
2024.02.23	16:10:17.564	1.64788				2
2024.02.23	16:10:18.167	1.64787				2
2024.02.23	16:10:18.880	1.64788				2
2024.02.23	16:10:18.996	1.64787				2
2024.02.23	16:10:21.236	1.64788				2
2024.02.23	16:10:21.791		1.64810			4
2024.02.23	16:10:21.920		1.64809			4
2024.02.23	16:10:22.031		1.64810			4
2024.02.23	16:10:22.243		1.64809			4
2024.02.23	16:10:23.810	1.64790				2
2024.02.23	16:10:23.929		1.64810			4
2024.02.23	16:10:24.033	1.64789	1.64809			6
2024.02.23	16:10:24.482	1.64790				2
2024.02.23	16:10:24.842	1.64792	1.64811			6
2024.02.23	16:10:25.050		1.64812			4
2024.02.23	16:10:25.156		1.64810			4
2024.02.23	16:10:25.360	1.64791	1.64812			6
2024.02.23	16:10:25.831		1.64811			4
2024.02.23	16:10:25.955	1.64792				2
2024.02.23	16:10:26.166		1.64812			4
2024.02.23	16:10:26.852		1.64813			4
2024.02.23	16:10:27.212	1.64794	1.64814			6
2024.02.23	16:10:27.313	1.64796				2
2024.02.23	16:10:27.415		1.64816			4
2024.02.23	16:10:27.518		1.64812			4
2024.02.23	16:10:27.626		1.64813			4
2024.02.23	16:10:29.491	1.64794				2
2024.02.23	16:10:29.699	1.64796	1.64815			6
2024.02.23	16:10:30.124	1.64792	1.64809			6
2024.02.23	16:10:30.225		1.64810			4
2024.02.23	16:10:30.543	1.64791				2
2024.02.23	16:10:30.656	1.64792				2
2024.02.23	16:10:30.863	1.64791				2
2024.02.23	16:10:30.972	1.64792	1.64809			6
2024.02.23	16:10:31.177	1.64794	1.64810			6
2024.02.23	16:10:31.735	1.64789	1.64809			6
2024.02.23	16:10:31.840	1.64790				2
2024.02.23	16:10:33.147	1.64792				2
2024.02.23	16:10:33.354	1.64790				2
2024.02.23	16:10:33.602	1.64792				2
2024.02.23	16:10:34.108		1.64810			4
2024.02.23	16:10:34.362		1.64809			4
2024.02.23	16:10:34.466	1.64790				2
2024.02.23	16:10:34.578	1.64791	1.64812			6
2024.02.23	16:10:34.688	1.64794	1.64814			6
2024.02.23	16:10:35.104	1.64795				2
2024.02.23	16:10:35.644		1.64813			4
2024.02.23	16:10:35.869		1.64814			4
2024.02.23	16:10:36.423	1.64796	1.64816			6
2024.02.23	16:10:36.839	1.64794	1.64812			6
2024.02.23	16:10:36.953		1.64813			4
2024.02.23	16:10:37.380	1.64791	1.64807			6
2024.02.23	16:10:37.480	1.64782	1.64800			6
2024.02.23	16:10:37.583	1.64780				2
2024.02.23	16:10:37.791	1.64781				2
2024.02.23	16:10:38.039	1.64782				2
2024.02.23	16:10:38.354	1.64784				2
2024.02.23	16:10:38.695		1.64801			4
2024.02.23	16:10:38.797		1.64802			4
2024.02.23	16:10:38.904	1.64782				2
2024.02.23	16:10:39.144	1.64788	1.64805			6
2024.02.23	16:10:39.244		1.64808			4
2024.02.23	16:10:39.360		1.64809			4
2024.02.23	16:10:42.781	1.64785	1.64806			6
2024.02.23	16:10:42.907	1.64787	1.64807			6
2024.02.23	16:10:43.020	1.64785				2
2024.02.23	16:10:43.383	1.64788				2
2024.02.23	16:10:43.485	1.64786				2
2024.02.23	16:10:43.585	1.64787				2
2024.02.23	16:10:43.697	1.64786	1.64808			6
2024.02.23	16:10:43.826	1.64788				2
2024.02.23	16:10:43.929	1.64789	1.64809			6
2024.02.23	16:10:44.241		1.64810			4
2024.02.23	16:10:45.020	1.64790				2
2024.02.23	16:10:45.122	1.64789	1.64807			6
2024.02.23	16:10:45.230	1.64791	1.64810			6
2024.02.23	16:10:45.467	1.64792				2
2024.02.23	16:10:45.689	1.64789				2
2024.02.23	16:10:45.797	1.64791				2
2024.02.23	16:10:45.911	1.64790				2
2024.02.23	16:10:46.756	1.64791				2
2024.02.23	16:10:47.090	1.64792				2
2024.02.23	16:10:47.403	1.64788	1.64805			6
2024.02.23	16:10:47.951	1.64787				2
2024.02.23	16:10:48.058	1.64786				2
2024.02.23	16:10:48.156	1.64785				2
2024.02.23	16:10:48.257	1.64786				2
2024.02.23	16:10:48.818	1.64788	1.64803			6
2024.02.23	16:10:48.919	1.64789	1.64809			6
2024.02.23	16:10:49.166	1.64787				2
2024.02.23	16:10:49.598	1.64786				2
2024.02.23	16:10:49.991	1.64787				2
2024.02.23	16:10:50.097	1.64786				2
2024.02.23	16:10:50.199	1.64787				2
2024.02.23	16:10:50.310	1.64786				2
2024.02.23	16:10:50.536	1.64792				2
2024.02.23	16:10:52.218	1.64793				2
2024.02.23	16:10:53.624	1.64794				2
2024.02.23	16:10:55.596	1.64795				2
2024.02.23	16:10:55.832	1.64796	1.64810			6
2024.02.23	16:10:57.140		1.64811			4
2024.02.23	16:10:57.923	1.64797	1.64813			6
2024.02.23	16:10:58.025	1.64794	1.64810			6
2024.02.23	16:10:58.239	1.64795				2
2024.02.23	16:10:58.876	1.64793				2
2024.02.23	16:10:59.022	1.64792	1.64806			6
2024.02.23	16:10:59.939	1.64791	1.64805			6
2024.02.23	16:11:00.106	1.64792	1.64806			6
2024.02.23	16:11:00.225		1.64808			4
2024.02.23	16:11:00.457	1.64795	1.64809			6
2024.02.23	16:11:00.559		1.64811			4
2024.02.23	16:11:00.793	1.64797	1.64813			6
2024.02.23	16:11:01.627		1.64812			4
2024.02.23	16:11:01.925	1.64799	1.64814			6
2024.02.23	16:11:02.128	1.64798	1.64812			6
2024.02.23	16:11:02.559	1.64799	1.64813			6
2024.02.23	16:11:03.024	1.64796	1.64810			6
2024.02.23	16:11:03.928	1.64797	1.64811			6
2024.02.23	16:11:04.189		1.64813			4
2024.02.23	16:11:04.424		1.64812			4
2024.02.23	16:11:04.787		1.64813			4
2024.02.23	16:11:05.067	1.64798	1.64815			6
2024.02.23	16:11:05.171		1.64814			4
2024.02.23	16:11:05.397		1.64812			4
2024.02.23	16:11:06.081		1.64814			4
2024.02.23	16:11:06.277	1.64797				2
2024.02.23	16:11:07.944	1.64798				2
2024.02.23	16:11:08.701	1.64794	1.64810			6
2024.02.23	16:11:08.898	1.64796				2
2024.02.23	16:11:09.102		1.64811			4
2024.02.23	16:11:09.202		1.64810			4
2024.02.23	16:11:09.306		1.64812			4
2024.02.23	16:11:09.828		1.64813			4
2024.02.23	16:11:09.930	1.64797	1.64812			6
2024.02.23	16:11:10.041	1.64796				2
2024.02.23	16:11:10.471		1.64811			4
2024.02.23	16:11:10.574	1.64797				2
2024.02.23	16:11:11.563	1.64794	1.64809			6
2024.02.23	16:11:11.676		1.64808			4
2024.02.23	16:11:12.691		1.64811			4
2024.02.23	16:11:13.035	1.64793	1.64808			6
2024.02.23	16:11:13.262	1.64794				2
2024.02.23	16:11:16.500	1.64790	1.64804			6
2024.02.23	16:11:17.266		1.64805			4
2024.02.23	16:11:18.918	1.64792	1.64808			6
2024.02.23	16:11:19.051	1.64791				2
2024.02.23	16:11:19.157	1.64793	1.64809			6
2024.02.23	16:11:19.281	1.64795				2
2024.02.23	16:11:19.409	1.64793				2
2024.02.23	16:11:19.662	1.64794				2
2024.02.23	16:11:20.237	1.64793				2
2024.02.23	16:11:20.337		1.64808			4
2024.02.23	16:11:23.082	1.64792	1.64807			6
2024.02.23	16:11:23.183	1.64790	1.64805			6
2024.02.23	16:11:23.294		1.64807			4
2024.02.23	16:11:23.395		1.64804			4
2024.02.23	16:11:23.762		1.64805			4
2024.02.23	16:11:24.214		1.64804			4
2024.02.23	16:11:24.319		1.64805			4
2024.02.23	16:11:24.610		1.64806			4
2024.02.23	16:11:25.916	1.64792	1.64808			6
2024.02.23	16:11:26.014	1.64787	1.64803			6
2024.02.23	16:11:26.361	1.64789				2
2024.02.23	16:11:26.583	1.64791	1.64804			6
2024.02.23	16:11:26.825	1.64795	1.64811			6
2024.02.23	16:11:26.925		1.64812			4
2024.02.23	16:11:27.356		1.64813			4
2024.02.23	16:11:27.478	1.64797	1.64812			6
2024.02.23	16:11:27.604	1.64798	1.64813			6
2024.02.23	16:11:27.865		1.64814			4
2024.02.23	16:11:28.613		1.64813			4
2024.02.23	16:11:28.717		1.64814			4
2024.02.23	16:11:29.130		1.64813			4
2024.02.23	16:11:29.653	1.64799	1.64815			6
2024.02.23	16:11:30.980	1.64798	1.64812			6
2024.02.23	16:11:31.731		1.64813			4
2024.02.23	16:11:32.685		1.64812			4
2024.02.23	16:11:34.754		1.64813			4
2024.02.23	16:11:35.900		1.64814			4
2024.02.23	16:11:36.143	1.64799	1.64813			6
2024.02.23	16:11:36.465		1.64814			4
2024.02.23	16:11:36.877		1.64816			4
2024.02.23	16:11:37.094	1.64798				2
2024.02.23	16:11:37.459		1.64817			4
2024.02.23	16:11:37.714	1.64801	1.64816			6
2024.02.23	16:11:38.124	1.64800	1.64814			6
2024.02.23	16:11:38.228		1.64815			4
2024.02.23	16:11:38.337	1.64801				2
2024.02.23	16:11:38.984		1.64816			4
2024.02.23	16:11:39.362	1.64802				2
2024.02.23	16:11:39.501		1.64817			4
2024.02.23	16:11:39.951	1.64800	1.64815			6
2024.02.23	16:11:40.059		1.64816			4
2024.02.23	16:11:40.168		1.64815			4
2024.02.23	16:11:40.272		1.64816			4
2024.02.23	16:11:40.374		1.64815			4
2024.02.23	16:11:40.594		1.64814			4
2024.02.23	16:11:41.659	1.64801	1.64815			6
2024.02.23	16:11:42.564	1.64800	1.64814			6
2024.02.23	16:11:43.433	1.64799	1.64813			6
2024.02.23	16:11:43.535	1.64800	1.64817			6
2024.02.23	16:11:44.693	1.64799				2
2024.02.23	16:11:44.946		1.64814			4
2024.02.23	16:11:45.049	1.64805	1.64819			6
2024.02.23	16:11:45.154	1.64808	1.64824			6
2024.02.23	16:11:45.265		1.64825			4
2024.02.23	16:11:45.385		1.64823			4
2024.02.23	16:11:45.513		1.64824			4
2024.02.23	16:11:45.727		1.64825			4
2024.02.23	16:11:46.236	1.64809				2
2024.02.23	16:11:46.339	1.64810				2
2024.02.23	16:11:47.513		1.64826			4
2024.02.23	16:11:48.420		1.64825			4
2024.02.23	16:11:49.063		1.64826			4
2024.02.23	16:11:49.305		1.64825			4
2024.02.23	16:11:50.154	1.64812	1.64826			6
2024.02.23	16:11:50.256	1.64810				2
2024.02.23	16:11:50.371	1.64811	1.64825			6
2024.02.23	16:11:51.083	1.64813	1.64829			6
2024.02.23	16:11:52.929	1.64812				2
2024.02.23	16:11:53.885	1.64811	1.64825			6
2024.02.23	16:12:01.882	1.64811	1.64826			6
2024.02.23	16:12:02.530	1.64809	1.64825			6
2024.02.23	16:12:02.636	1.64810				2
2024.02.23	16:12:03.344	1.64807	1.64821			6
2024.02.23	16:12:04.406	1.64804	1.64818			6
2024.02.23	16:12:04.511	1.64806	1.64824			6
2024.02.23	16:12:05.076		1.64823			4
2024.02.23	16:12:05.178		1.64819			4
2024.02.23	16:12:05.280		1.64820			4
2024.02.23	16:12:05.490	1.64812	1.64825			6
2024.02.23	16:12:05.589	1.64813	1.64827			6
2024.02.23	16:12:06.850	1.64812	1.64826			6
2024.02.23	16:12:06.953	1.64810				2
2024.02.23	16:12:07.262	1.64812				2
2024.02.23	16:12:07.709	1.64809				2
2024.02.23	16:12:08.617		1.64825			4
2024.02.23	16:12:09.620		1.64826			4
2024.02.23	16:12:10.114		1.64825			4
2024.02.23	16:12:11.407	1.64808	1.64822			6
2024.02.23	16:12:12.104	1.64809	1.64826			6
2024.02.23	16:12:12.336	1.64808				2
2024.02.23	16:12:12.442	1.64809				2
2024.02.23	16:12:12.589	1.64808	1.64822			6
2024.02.23	16:12:12.699	1.64809	1.64823			6
2024.02.23	16:12:13.006	1.64806	1.64820			6
2024.02.23	16:12:13.820	1.64805				2
2024.02.23	16:12:14.057	1.64804	1.64818			6
2024.02.23	16:12:14.158	1.64799				2
2024.02.23	16:12:14.371	1.64798	1.64812			6
2024.02.23	16:12:14.491	1.64799	1.64813			6
2024.02.23	16:12:15.862	1.64800	1.64814			6
2024.02.23	16:12:16.089	1.64798	1.64813			6
2024.02.23	16:12:16.189	1.64800	1.64814			6
2024.02.23	16:12:16.291	1.64803	1.64819			6
2024.02.23	16:12:16.408	1.64804				2
2024.02.23	16:12:17.207	1.64803				2
2024.02.23	16:12:17.370	1.64801				2
2024.02.23	16:12:17.473	1.64802				2
2024.02.23	16:12:18.167	1.64803	1.64817			6
